3612 5638
1577 9 1788 420 'l

369 648 402 706 et
420 643 556 715 lamam,
573 643 616 706 ah
636 644 836 708 admiratore
856 645 1073 725 cupidissime
1099 651 1282 728 receptum,
1309 645 1469 710 omnibus
1494 648 1596 710 rebus

369 746 580 804 exornatum.
612 745 701 814 Quae
733 743 904 820 naufragis
929 745 1116 807 Simonides
1138 745 1278 819 dixerat,
1305 745 1422 808 eadem
1444 744 1596 808 Phaeder

368 840 531 903 divitibus
546 844 658 921 sperat
673 842 751 904 olim
768 860 803 904 se
819 859 1064 922 responsurum
1080 865 1087 906 ε

369 481 408 543 76
837 503 919 549 ruas
941 504 1133 550 rosrnruou.

1071 1020 1167 1072 «Dixi
1173 1057 1243 1071 .....
1263 1033 1326 1072 mea

603 1103 714 1154 Mecum
731 1111 795 1150 esse
811 1104 931 1160 cuucta;
946 1115 991 1148 uos
1005 1099 1075 1164 quod
1089 1099 1232 1164 rupru'su's¹
1248 1102 1327 1164 peril.
1344 1116 1358 1148 a

1364 1201 1395 1249 (v.
1408 1196 1491 1251 saar.)

411 1413 459 1475 lla
472 1412 575 1476 verba
590 1411 737 1493 quidam,
753 1417 791 1474 ut
807 1431 924 1493 parum
939 1414 1087 1476 humana
1108 1418 1141 1476 et
1163 1412 1320 1490 benigna,
1338 1413 1434 1474 valde
1459 1414 1597 1492 vitupe-

371 1515 542 1584 raverunt,
560 1511 698 1572 minime
715 1511 948 1586 intellegentes
964 1515 1097 1590 poetam
1120 1509 1202 1572 nihil
1222 1512 1395 1573 curavisse
1414 1515 1454 1574 nt
1476 1510 1599 1573 huma-

372 1608 511 1672 nitatem
528 1608 679 1686 legentes
703 1606 849 1683 doceret,
873 1627 988 1671 verum
1007 1610 1072 1671 hoc
1091 1624 1208 1686 unum,
1231 1612 1266 1670 ut
1290 1608 1432 1670 divitum
1455 1613 1490 1670 et
1512 1609 1600 1670 invi-

370 1705 489 1768 dorum
502 1707 677 1769 hominum
695 1709 918 1783 arrogantiam
935 1708 1137 1770 retunderet.

409 1804 497 1879 Mox,
519 1828 531 1861 ι
550 1807 732 1867 exsecutus
755 1807 866 1885 coepti
887 1805 1100 1882 propositum
1128 1809 1283 1868 ordinem
1305 1831 1319 1860 ι)
1347 1806 1387 1886 (v.
1412 1803 1478 1868 fab.
1496 1806 1535 1868 19
1558 1839 1598 1852 -

371 1901 454 1962 Har.
471 1905 520 1974 il,
539 1903 580 1986 9),
601 1903 634 1964 in
651 1903 755 1965 altera
775 1901 898 1965 labella
912 1903 962 1982 (23
979 1924 994 1964 u
1012 1906 1116 1966 Poeta
1134 1923 1161 1979 a,
1182 1904 1266 1966 Hav.
1288 1903 1338 1983 75)
1361 1904 1471 1982 arguit
1486 1905 1597 1983 poetis

372 2016 437 2061 uon
455 2000 611 2063 homiues
627 2001 737 2063 solum
753 2001 875 2077 lavere,
892 2001 948 2064 sed
965 2002 1065 2064 etiam
1082 2003 1169 2063 Deos
1186 2021 1194 2062 ·.

636 2179 786 2240 Quantum
803 2178 934 2229 valerent
950 2177 1028 2230 inter
1043 2178 1179 2230 homiues
1195 2177 1309 2230 litterae

635 2258 702 2309 Dixi
716 2258 865 2322 superius:
881 2263 1010 2322 quantus
1025 2271 1105 2309 nunc
1117 2257 1178 2310 illis
1192 2257 1286 2309 honos

638 2341 661 2390 A
676 2338 791 2403 superis
806 2338 846 2390 sit
862 2338 988 2389 tributus
1005 2338 1116 2391 tradam
1132 2339 1296 2390 memoriae.
1397 2375 1401 2382 -

1375 2445 1407 2488 (v.
1420 2437 1477 2490 1-3.)

411 2650 698 2723 Quemadmodum
714 2650 916 2714 Simonidem
931 2651 996 2729 Dii,
1015 2656 1133 2715 ruente
1149 2654 1218 2713 tota
1233 2651 1344 2728 domo,
1363 2657 1595 2728 servaverunt,

372 2752 421 2813 sic
436 2768 494 2831 per
509 2749 645 2812 eosdem
661 2752 775 2830 sperat
795 2748 944 2811 Phaeder
959 2747 1100 2812 fabellas
1116 2768 1195 2812 suas
1210 2751 1301 2824 olim,
1319 2749 1478 2813 omnibus
1494 2748 1598 2813 rebus

372 2853 523 2928 tempore
540 2845 730 2921 ruentibus,
747 2845 818 2909 lore
833 2847 954 2909 salvas,
1041 2894 1043 2898 .

411 2946 547 3008 Amicos
569 2947 686 3007 contra
709 2947 742 3006 et
761 2942 978 3007 admiratores
997 2947 1128 3024 poetae,
1149 2947 1187 3006 ut
1207 2945 1454 3008 Particulonem
1475 2944 1598 3026 atejus

372 3043 512 3118 similes,
538 3042 780 3122 paenitendum
802 3059 870 3104 non
896 3043 956 3104 erit
981 3041 1072 3123 qnod
1095 3040 1237 3104 Phaedri
1265 3043 1401 3121 ingenio
1425 3040 1595 3116 laverunt,

372 3157 450 3203 eum
473 3159 493 3204 a
515 3140 574 3203 vili
595 3137 694 3202 turba
719 3141 926 3203 imitatorum
947 3143 1179 3215 secreverant;
1200 3157 1377 3221 perquem
1397 3142 1430 3203 et
1445 3142 1598 3220 ipsorum

373 3256 495 3302 nomen
511 3237 752 3300 immortalitati
769 3236 920 3301 tradetur
937 3259 943 3298 :

622 3415 776 3474 particulo.
790 3415 921 3479 [chlamis
935 3427 1041 3467 nomen
1058 3413 1206 3468 victurum
1222 3415 1307 3477 meis,

622 3494 736 3547 Latinis
751 3496 821 3547 dum
837 3495 967 3547 manebit
983 3495 1111 3559 pretium
1128 3494 1246 3548 litteris.

1299 3593 1367 3648 (Epil.
1382 3606 1419 3635 vv.
1435 3594 1491 3647 5-6.)

414 3818 577 3887 Quartum
600 3813 722 3878 librum
748 3812 782 3871 in
808 3809 1004 3870 uuiversum
1019 3809 1164 3870 intuenti
1185 3806 1362 3889 apparebit
1382 3809 1474 3870 haud
1494 3807 1599 3870 dubie

374 3911 527 3975 Phaedro
560 3909 749 3973 occurrisse
782 3905 917 3968 tandem
943 3905 1073 3984 aliquot
1088 3920 1186 3966 veros
1206 3905 1434 3983 admiratores,
1453 3923 1600 3987 eumque

375 4011 515 4088 gloriam
542 4008 690 4088 aliquam
711 4007 934 4066 consecutum
953 4019 1039 4064 esse.
1060 4003 1167 4073 Quare
1188 4020 1280 4064 nunc
1296 4003 1391 4066 vultu
1408 4002 1553 4084 superbo
1567 4007 1602 4065 et

374 4123 494 4171 sereno
519 4105 639 4186 prodit,
667 4120 776 4183 neque
792 4101 861 4181 jain
881 4099 922 4160 de
944 4119 958 4158 ‹
975 4098 1049 4159 duri
1070 4097 1128 4159 lati
1148 4100 1311 4162 miseria»
1332 4101 1499 4181 queritur;
1527 4101 1598 4174 sed,

376 4221 454 4267 cum
468 4205 539 4284 ipse
555 4203 598 4264 sit
612 4199 753 4274 felicior,
770 4199 937 4279 patienter
955 4196 1101 4256 sustinet
1120 4196 1154 4256 in
1170 4197 1239 4258 vita
1262 4221 1275 4253 u
1293 4199 1429 4261 misceri
1448 4198 1600 4260 dolorem

375 4306 409 4364 et
423 4299 594 4380 gaudium.
612 4323 628 4355 »
645 4298 689 4376 (v.
706 4293 772 4357 iah.
790 4297 828 4357 15
850 4299 929 4355 «Dc
942 4294 1094 4366 fortunis
1109 4297 1282 4357 homiuum
1298 4315 1312 4354 r
1331 4297 1416 4358 Hav.
1432 4296 1483 4376 67)
1501 4317 1507 4357 :

622 4486 709 4535 Parce
722 4481 849 4546 gaudere
864 4481 980 4542 oportet
992 4481 1022 4528 et
1037 4477 1147 4529 sensim
1162 4479 1254 4542 queri,

622 4564 725 4616 Totam
741 4562 830 4626 qulisl
846 4558 937 4610 vitam
952 4557 1058 4609 miscet
1071 4555 1152 4608 dolor
1165 4563 1195 4610 et
1208 4560 1361 4623 gaudium.

407 4766 429 4816 1.
447 4787 458 4809 u
477 4763 602 4826 Repulslis
619 4780 631 4803 u
644 4760 756 4821 ambigue
771 4758 862 4806 dictum
880 4757 913 4815 lv.
931 4753 995 4802 inira
1012 4767 1035 4814 p.
1051 4751 1101 4812 85).
