3612 5638
527 545 570 588 DE
591 543 814 590 adnuntianti
836 545 938 592 SENSU
959 545 1156 592 uuuoubixo.

468 686 523 746 Oui
537 686 676 748 sacrilegio
691 692 799 736 oumtus
814 686 905 749 [ulum
921 686 1093 748 discederet,

467 767 596 830 Repente
611 778 710 817 vocem
726 766 848 829 sanctia]
867 766 948 817 misit
965 765 1078 830 Religio
1095 786 1099 819 :

456 862 480 912 ,x
498 846 636 898 iiiulorum
652 843 787 910 quamvis
802 844 859 897 ista
873 845 982 897 luerint
999 859 1130 908 munera,

467 926 596 989 Mihique
611 927 726 990 [usique
741 925 845 986 invisa,
860 933 889 976 ut
899 939 953 974 uon
965 925 1088 990 offendor
1102 926 1215 990 surripi,

467 1007 587 1066 Tamen,
601 1005 711 1064 sceleste,
727 1006 827 1063 spiritu
841 1005 950 1070 culpem
964 1005 1017 1054 lues

467 1085 544 1139 Olim
560 1100 628 1138 cum
643 1086 808 1150 adscriptus
824 1087 939 1138 venerit
956 1086 1088 1151 poenale]
1102 1085 1175 1138 dies.

468 1167 521 1218 Sed
537 1180 574 1218 ne
589 1165 666 1232 ignis
678 1171 777 1218 noster
791 1165 914 1218 facinori
931 1166 1105 1231 praeluceat,

467 1248 520 1298 Per
535 1260 623 1311 quem
640 1246 783 1298 verendos
795 1246 903 1299 excolit
918 1247 1011 1311 pietas
1026 1246 1105 1310 deos,

473 1327 532 1376 Veto
550 1343 602 1378 esse
618 1327 668 1377 talc
683 1325 804 1378 luminis
820 1327 1015 1377 commercium.
1032 1344 1046 1373 ›>

1275 1425 1355 1477 ii-iia

275 1629 335 1689 His
351 1627 480 1688 ultimis
501 1622 611 1686 verbis
631 1622 754 1684 indicat
775 1620 901 1684 furium
923 1637 1023 1683 suum
1048 1623 1220 1702 plagiariis
1242 1621 1324 1684 nibil
1344 1622 1420 1702 proi
1448 1659 1456 1668 ·

235 1731 364 1799 turum;
380 1724 414 1785 id
429 1740 497 1785 non
513 1738 675 1802 passuros
692 1719 790 1796 de0s;
809 1737 875 1781 uon
893 1721 1008 1782 timere
1025 1739 1060 1782 se
1076 1738 1118 1782 ne
1129 1719 1171 1782 ab
1183 1720 1257 1781 aliis
1272 1724 1457 1799 superetur.

275 1823 372 1886 Nunc
389 1826 425 1884 ut
441 1840 459 1882 a
475 1818 663 1896 legentibus
682 1818 908 1895 intellegatur,
931 1817 973 1880 ad
994 1817 1152 1881 fabellam
1175 1818 1301 1899 alloqui
1324 1818 1461 1881 brevem

237 1924 374 1996 longum
388 1920 453 1982 hoc
468 1918 710 1980 documentum
726 1916 827 1991 addit,
845 1917 981 1992 singula
996 1917 1143 1997 explicat
1159 1937 1165 1978 :

485 2113 581 2175 Quo[t]
598 2123 644 2162 res
659 2110 808 2162 contiueat
822 2109 877 2161 hoc
892 2113 1100 2174 argumentum
1116 2109 1205 2172 utiles

485 2197 548 2247 Non
564 2191 722 2256 explicabit
739 2189 815 2242 alius
831 2202 921 2260 quem
936 2189 986 2254 qui
1000 2190 1137 2254 repperit.

485 2271 635 2335 Significat
650 2270 796 2334 primtum]
812 2281 897 2332 saepe
913 2283 976 2334 quos
991 2268 1091 2320 alueris

487 2352 543 2400 Tibi
558 2352 676 2400 inueniri
689 2350 809 2402 maerime
819 2351 968 2399 contrarios
975 2367 983 2411 ,·

485 2425 650 2485 Secundum
667 2430 797 2482 ostendit
813 2429 924 2482 scelera
938 2443 997 2482 non
1012 2431 1054 2483 ira
1069 2431 1165 2494 deum,

487 2515 616 2562 Fatorum
630 2512 699 2562 dicio
714 2511 765 2563 sed
778 2511 875 2575 puniri
887 2518 1019 2575 tempore;

486 2591 648 2647 Novissime
663 2591 809 2643 interdicit
825 2607 858 2640 ue
868 2607 929 2641 cum
942 2591 1061 2655 malefico

489 2677 577 2727 Usum
593 2673 675 2722 boum
690 2673 857 2736 consolciiet
872 2672 953 2722 utilas
968 2675 1016 2722 rei.

1229 2773 1261 2823 (v.
1272 2770 1356 2820 it-ni.)

278 2986 395 3046 Monet
423 2984 577 3061 scriptori
605 2984 774 3044 neminem
804 2985 911 3061 magis
941 3002 1062 3046 nocere
1092 3001 1192 3064 quam
1221 2984 1412 3064 plagiarios,
1431 2987 1464 3045 al

237 3083 334 3156 istoc,
352 3082 463 3143 sinon
488 3082 536 3141 ira
552 3081 664 3150 deum,
682 3085 772 3162 certe
788 3081 969 3162 aliquando
984 3083 1141 3162 punitum
1157 3083 1217 3159 iri;
1242 3083 1366 3162 ineptis
1382 3079 1464 3144 furi-

241 3181 301 3242 bus
316 3197 358 3242 ne
373 3179 538 3240 bonarum
552 3177 685 3259 quidem
699 3177 899 3242 fabellarum
916 3179 1039 3243 lurtum
1056 3182 1135 3243 usui
1151 3178 1222 3243 lore
1233 3169 1356 3262 :posse
1372 3182 1462 3243 enim

238 3275 280 3339 ab
296 3278 362 3340 alio
376 3278 524 3339 mutuari
540 3275 654 3354 verba,
672 3277 820 3338 animum
845 3283 877 3338 et
902 3279 1047 3340 calorem
1071 3295 1137 3340 uon
1161 3295 1270 3358 posse.
1288 3275 1343 3360 (cl.
1361 3278 1464 3358 Paci.)

231 3373 330 3437 'Haec
345 3377 459 3438 omnia
472 3373 597 3437 fabella
612 3391 689 3436 vere
705 3376 870 3436 contineri
888 3393 985 3438 nemo
1002 3376 1465 3458 nostrun1‚iaieor‚quamvis

240 3473 391 3548 callidus,
408 3471 641 3543 divinavisset‚
660 3473 724 3534 nisi
739 3471 869 3553 abipso
885 3473 1035 3537 Phaedro
1051 3474 1142 3537 docti
1166 3491 1331 3537 essemus.
1359 3475 1464 3537 Recte

240 3571 296 3634 ilie
314 3593 320 3632 :

529 3705 591 3755 Non
607 3702 766 3766 explicabit
778 3703 856 3754 alius
872 3716 960 3770 quam
972 3705 1023 3767 qui
1039 3705 1174 3769 repperit.

281 3929 394 4002 Nobis,
412 3946 446 3990 re
471 3927 648 3990 manifeste
670 3928 849 4006 explicata,
875 3927 1001 4007 duplex
1028 3931 1201 4005 praeterea
1226 3929 1465 3993 documentum

243 4027 495 4107 percipiendum
511 4027 574 4087 erit
600 4046 606 4087 :
636 4028 781 4106 primum
806 4030 939 4105 poetam
961 4023 1087 4107 ubique
1106 4028 1140 4088 in
1168 4025 1321 4102 fabellas,
1338 4028 1466 4090 etiamsi

242 4127 379 4189 minime
394 4125 497 4200 dicas,
516 4127 666 4205 proprios
682 4123 820 4188 allectus
844 4126 1071 4200 transtulisse;
1098 4125 1216 4187 deinde
1242 4143 1308 4188 non
1334 4143 1467 4206 semper

240 4225 277 4284 in
294 4227 362 4284 tota
376 4221 500 4286 labella
515 4223 573 4286 sed
589 4224 725 4303 saepius
741 4223 774 4284 iu
794 4240 861 4284 uno
876 4228 933 4285 aut
950 4222 1104 4303 pluribus
1125 4223 1252 4300 verbis,
1271 4226 1416 4290 maxime
1431 4225 1465 4286 in

243 4321 426 4400 epimyibio
442 4322 543 4384 celari
559 4338 697 4383 sensum
712 4321 922 4384 reconditum
939 4326 971 4384 ei
986 4323 1166 4384 consilium
1183 4322 1374 4385 scribentis.

283 4419 333 4481 Ad
348 4419 480 4482 eosdem
495 4426 646 4500 spectare
663 4419 812 4481 fabulam
829 4422 866 4484 l3
883 4420 923 4482 de
937 4421 1134 4483 Prometheo
1149 4445 1160 4478 ι
1176 4425 1269 4486 Idem
1280 4441 1295 4480 r
1308 4421 1405 4500 (Hav.
1416 4423 1467 4503 65)

243 4534 304 4594 ego
321 4519 474 4580 existimo
493 4539 500 4578 ι
519 4535 577 4598 per
594 4542 607 4572 (ι
626 4515 774 4579 tribadas
797 4522 830 4580 el
852 4518 969 4580 molles
992 4536 1102 4582 mares
1128 4545 1141 4575 r
1169 4521 1308 4584 alterius
1332 4520 1465 4596 generis

244 4617 404 4678 membris
428 4618 622 4686 instructos,
640 4616 730 4695 qrrod
756 4621 875 4678 natura
899 4634 967 4678 uon
992 4618 1121 4697 recipit,
1140 4635 1198 4698 per
1222 4617 1317 4680 laeda
1342 4620 1408 4679 isla
1434 4622 1466 4680 el

244 4713 362 4777 odiosa
377 4719 532 4795 portenta
547 4733 633 4796 quae
657 4734 672 4774 c
694 4732 784 4778 nuuc
802 4733 915 4791 provo
939 4717 1107 4786 fruuntur
1130 4721 1254 4794 paucio
1284 4717 1464 4778 »denotari

245 4815 376 4894 eosqui
392 4815 525 4893 scriptis
542 4815 614 4876 suis
628 4814 763 4876 alterius
780 4815 867 4875 bona
880 4815 1214 4895 turpiterapplicant.
