3636 5652
270 502 273 512 ’
378 499 415 578 td
883 529 965 576 raas
986 530 1093 578 saroa.

377 674 426 736 Ne
440 674 558 749 multa,
574 674 734 750 Phaeder,
755 676 847 751 gravi
867 675 1006 758 crimine
1021 675 1236 740 insimulatus
1251 680 1285 738 et
1299 694 1318 738 a
1333 678 1449 742 multis
1464 683 1599 758 propter

374 770 507 836 fabulas
523 773 710 851 lacessitus,
727 777 766 834 ut
781 770 883 834 finem
901 770 1003 834 iaciat
1022 773 1215 836 calamitati,
1227 791 1309 837 suae
1330 779 1364 838 et
1383 778 1597 840 securitatem

373 875 562 952 recuperet,
593 871 796 951 Eutychum,
821 870 959 933 divitem
985 873 1018 932 et
1042 875 1212 950 potentem
1242 876 1275 934 et
1300 872 1444 953 probum
1472 876 1594 951 virum,

372 967 562 1032 obtestatur
590 973 628 1031 ut
659 987 696 1031 se
723 985 908 1052 pauperem
940 972 973 1029 et
1006 968 1169 1030 inermem
1205 973 1238 1031 et
1271 988 1348 1032 vere
1381 973 1596 1036 innocentem

372 1065 510 1146 adjuvet
535 1070 717 1147 aperteque
744 1063 916 1139 defendat;
945 1069 1055 1146 atque,
1082 1083 1149 1147 quo
1174 1064 1307 1132 facilius
1333 1087 1403 1130 rem
1427 1071 1593 1152 impetret,

371 1165 507 1227 tertium
538 1163 660 1227 librum
689 1164 739 1226 illi
766 1162 910 1238 dedicat,
942 1163 1108 1244 simulque
1142 1162 1187 1226 ab
1218 1172 1383 1247 occupato
1417 1167 1594 1231 brevitatis

368 1262 555 1339 praemium
570 1260 706 1342 expetit.

405 1359 482 1420 Jam
497 1359 555 1421 illa
569 1359 758 1438 explicatio
777 1374 910 1420 necnon
925 1353 1068 1419 verbum
1088 1357 1171 1418 illud
1187 1377 1203 1418 ι
1221 1361 1370 1424 brevitas
1386 1384 1415 1434 ›>,
1433 1360 1531 1424 nobis
1552 1363 1592 1425 ad

253 1470 256 1476 ·
366 1457 641 1520 constituendum
657 1454 733 1518 libri
749 1456 838 1518 tertii
855 1455 1032 1518 terminum
1052 1456 1197 1518 multum
1218 1458 1381 1537 proderit;
1403 1459 1591 1523 cavendum

366 1555 428 1617 erit
448 1556 592 1636 primum
612 1573 655 1616 ne
677 1554 790 1636 plures
804 1571 912 1635 aequo
927 1552 1060 1617 fabulas
1079 1554 1128 1616 illi
1148 1553 1233 1617 libro
1253 1554 1452 1633 tribuamus
1471 1558 1591 1622 deinde

365 1671 407 1717 ne
422 1654 456 1716 in
472 1671 550 1715 eum
565 1652 782 1716 admittamus
798 1669 838 1714 ea
853 1655 1012 1733 quaeant
1028 1652 1182 1733 Eutycho
1195 1652 1364 1717 defensori
1378 1660 1437 1719 aut
1451 1657 1589 1738 pericli-

363 1753 450 1814 tanti
462 1749 612 1815 Pbaedro
627 1750 765 1814 omnino
780 1767 849 1812 non
863 1752 1079 1814 conveniant.

403 1848 515 1912 Codex
540 1850 564 1911 P
590 1849 633 1930 (v.
657 1868 714 1931 pp.
738 1849 844 1928 ibid)
869 1865 937 1912 uno
962 1853 1079 1911 tenore
1102 1847 1214 1922 habet,
1236 1853 1313 1929 post
1336 1851 1510 1931 prologum
1530 1852 1587 1929 ΙΙΙ,

362 1947 424 2011 has
439 1947 631 2012 tabularum
647 1948 752 2012 series
769 1966 776 2009 :

401 2169 469 2202 -ι
491 2151 589 2208 Aures
609 2149 654 2207 ad
672 2148 886 2220 anaphoram
901 2167 917 2200 >2
935 2189 1033 2206 .....
1046 2161 1063 2204 ι
1085 2147 1239 2220 Aesopus
1252 2142 1296 2222 r'p
1313 2149 1463 2209 corrulo
1484 2165 1499 2206 a
1520 2145 1587 2227 (hic

364 2244 501 2306 titulum
517 2241 594 2306 libri
608 2243 682 2323 lV);
721 2313 732 2318 ,
1476 2249 1478 2260 '

400 2341 429 2423 α)
443 2376 483 2386 -
501 2365 512 2397 ι
531 2345 660 2404 Asinus
675 2341 706 2404 et
722 2343 811 2402 Galli
829 2362 841 2395 ι
862 2384 948 2402 .....
959 2361 970 2394 ι
987 2341 1133 2414 Serpens
1148 2343 1193 2401 ud
1205 2343 1348 2413 fabrum
1361 2346 1582 2416 serrarium»

361 2440 428 2522 (hic
453 2440 649 2518 agnoscitur
671 2438 803 2516 lacuna,
830 2435 945 2500 fabula
968 2437 1194 2517 praecedenti,
1222 2440 1260 2498 ut
1285 2438 1429 2512 videtur,
1455 2441 1583 2502 mutila.

359 2537 400 2599 V.
416 2537 536 2611 Havet,
553 2555 586 2618 p.
604 2535 691 2618 100);

402 2635 433 2716 β)
449 2660 513 2692 -ι
538 2639 653 2711 Vulpis
667 2637 825 2724 estsuper
846 2658 859 2689 ι
888 2679 975 2698 ,,,,,
984 2657 998 2688 «
1018 2637 1067 2698 De
1086 2637 1196 2698 Leone
1215 2636 1382 2712 regnante
1403 2659 1416 2691 a
1439 2636 1585 2713 (Lacuna

362 2732 578 2812 agnoscenda
592 2738 643 2795 est
659 2735 734 2813 post
754 2748 888 2794 versum
907 2734 1095 2814 Postquam
1115 2736 1233 2796 labare
1251 2734 1359 2810 coepit
1373 2736 1584 2810 paenitentia

358 2867 398 2879 -
411 2832 450 2895 V.
466 2831 565 2903 Har„
581 2846 614 2910 p.
632 2829 721 2911 totu

398 2931 427 3011 γ)
455 2966 494 2977 -
523 2928 671 2992 Fabulae
699 2951 711 2984 ι
738 2933 778 2990 de
805 2919 1007 2992 Prometheo
1030 2953 1043 2982 u
1069 2928 1155 2991 duos
1185 2946 1306 2991 versus
1335 2929 1470 2992 ultimos
1476 2975 1581 3004 ......

359 3030 499 3092 alteram
514 3028 554 3091 de
570 3026 740 3090 Simonide
758 3028 813 3088 cui
830 3027 948 3089 titulus
963 3027 1147 3107 inscriptus
1164 3033 1215 3090 est
1233 3051 1246 3082 ει
1263 3029 1370 3091 Poeta
1385 3046 1420 3104 »3

398 3163 436 3216 ᾗ
448 3127 649 3207 Epilogumt
659 3111 1247 3206 Supersuntmihiqu[a]escribam...
1263 3149 1275 3182 ι
1290 3143 1368 3187 cum
1379 3126 1517 3207 prologo
1527 3126 1579 3188 ΙΙΙ.

398 3370 436 3430 ln
452 3367 536 3430 libro
550 3369 597 3430 ita
611 3365 779 3447 descripto
795 3366 907 3429 inesse
922 3366 1049 3447 aliquot
1064 3365 1182 3428 turbas
1194 3366 1427 3430 demonstrant
1439 3367 1581 3447 primum

358 3468 511 3543 lacunae,
528 3465 647 3529 deinde
664 3465 783 3528 titulus
797 3464 941 3528 mendax
961 3465 1019 3546 qui
1037 3465 1103 3543 legi
1122 3464 1224 3529 debet
1242 3467 1328 3528 iuter
1347 3467 1517 3546 epilogum
1533 3465 1582 3528 ΙΙΙ

359 3569 392 3627 et
408 3564 583 3644 prologum
599 3564 654 3626 ΙΙΙ.
672 3564 715 3625 ΑΙ
730 3565 820 3643 ipsae
835 3563 977 3626 lacunae
991 3579 1113 3640 magno
1125 3562 1315 3643 adjumento
1326 3580 1434 3644 nuper
1444 3563 1583 3627 luerunt

359 3663 586 3727 eruditissimo
601 3664 673 3724 viro
690 3660 774 3723 Lnd.
790 3661 910 3737 Havet,
934 3678 1010 3724 cum
1031 3661 1130 3724 vellet
1150 3662 1271 3742 prioris
1289 3661 1414 3724 codicis
1428 3661 1582 3726 habitum

359 3763 504 3842 reperire
529 3780 548 3824 a
572 3778 639 3842 quo
664 3760 805 3823 defluxit
827 3761 868 3836 X,
895 3763 929 3822 et
953 3777 1054 3839 quem
1078 3775 1138 3839 per
1161 3759 1308 3822 litteram
1326 3761 1355 3821 Y
1378 3759 1579 3838 designavit.

358 3862 564 3943 Computatis
579 3860 669 3922 enim
684 3858 772 3921 inter
787 3857 870 3920 duas
885 3858 1064 3920 continuas
1083 3857 1223 3920 lacunas
1243 3857 1397 3922 versibus
1412 3862 1445 3922 et
1462 3859 1578 3930 titulis,

359 3977 500 4023 necesse
519 3958 582 4020 tuit
596 3963 635 4020 ut
649 3958 809 4039 reperiret
830 3972 1010 4018 numerum
1029 3954 1187 4018 loliorum
1212 3972 1254 4017 ex
1278 3955 1401 4036 quibus
1424 3959 1581 4020 constant

360 4059 512 4136 singulae
527 4056 717 4122 tabularum
739 4055 853 4119 series.
880 4056 914 4117 Si
937 4059 1049 4116 autem
1071 4070 1139 4114 una
1161 4057 1266 4116 series
1287 4055 1326 4118 90
1344 4055 1452 4119 lineas
1472 4057 1582 4118 conti-

359 4159 479 4232 nuerit,
503 4157 568 4218 alia
586 4159 637 4234 60,
658 4155 721 4216 alia
741 4155 789 4231 30,
812 4153 876 4216 alia
896 4154 1023 4224 tto...
1042 4150 1258 4215 manifestum
1277 4158 1329 4214 est
1349 4154 1481 4232 singula
1500 4152 1581 4216 folia

359 4254 466 4320 fuisse
498 4257 700 4318 tricenarum
726 4252 903 4328 linearum,
930 4267 997 4331 quo
1022 4266 1162 4311 numero
1189 4250 1226 4313 30
1250 4250 1298 4312 illi
1322 4252 1453 4314 numeri
1480 4251 1579 4331 plane

359 4497 513 4561 proverbium
529 4495 628 4544 relatus.
645 4493 738 4542 Etenim
753 4492 777 4539 in
793 4491 859 4542 Prol.
875 4490 906 4539 lV
919 4490 989 4554 (Har.
1009 4489 1050 4552 77)
1069 4493 1152 4552 aperte
1166 4489 1273 4540 declarat
1287 4490 1350 4540 nihil
1361 4490 1412 4552 Jam
1425 4489 1540 4541 scribere
1553 4504 1579 4540 se

358 4571 464 4619 volume
481 4605 487 4616 ⁶
625 4635 681 4678 Cum
693 4635 840 4677 destinassem
856 4634 987 4677 leoninum
1001 4635 1070 4686 opert
1088 4631 1224 4689 [stlaltulcro
1238 4635 1270 4684 (r.
1282 4635 1317 4684 Ι.)

390 4760 517 4807 Praeterea
544 4757 569 4804 in
592 4759 643 4804 toto
667 4768 740 4817 opere
764 4765 882 4815 nusquam
906 4751 936 4799 de
960 4750 1216 4800 maledicisPhnedri
1241 4749 1403 4814 sermonibus,
1422 4754 1527 4800 attamen
1548 4751 1579 4800 de
1635 4810 1639 4817 Ι

357 4832 490 4882 acerbitate
504 4827 645 4878 tabellarum
662 4831 685 4875 et
696 4828 806 4888 jocorum
822 4824 912 4872 mentio
926 4825 989 4872 iacta
1004 4826 1048 4871 est.
1064 4822 1100 4870 ut.
1117 4822 1187 4886 Eptt.
1202 4821 1232 4873 ll.
1248 4818 1308 4871 Hav.
1324 4823 1362 4883 43,
1376 4837 1402 4874 v.
1418 4821 1500 4875 10·25.
