3636 5652
367 517 407 586 30
839 533 921 579 rans
943 533 1131 582 rosrnnron.

365 681 400 742 in
425 679 514 744 viam
538 679 663 742 intrare
686 681 840 752 conatus,
867 677 958 740 illius
983 693 1051 740 non
1076 676 1264 757 discipulus
1288 676 1348 741 sed
1370 684 1557 742 (comatus
1573 702 1590 735 »
1652 689 1654 694 ·

364 775 461 858 (Hau.
478 778 529 853 42,
543 776 574 857 7)
589 775 735 854 erigitur.
755 775 877 838 Postea
886 791 954 836 non
966 775 1075 838 solum
1088 792 1123 838 se
1134 778 1263 855 Aesopo
1275 792 1401 858 parem,
1415 775 1474 839 sed
1489 776 1590 839 etiam

364 893 440 940 esse
454 875 626 940 meliorem
640 872 844 937 contendere
859 889 927 935 non
944 876 1087 946 veretur,
1106 872 1330 955 acerbiusque
1342 875 1523 956 respondet
1537 876 1587 938 eis

362 974 419 1055 qui
438 973 559 1053 Aesopi
579 973 685 1051 magis
706 988 808 1052 quam
829 970 933 1051 ipsius
955 971 1074 1034 laudes
1094 971 1311 1035 extollebant.
1330 972 1475 1036 Fabulas
1497 973 1588 1035 enim

361 1072 559 1138 scribendas
574 1074 769 1153 susceperat
784 1068 875 1151 quod
890 1085 994 1132 unum
1012 1070 1096 1132 illud
1112 1069 1279 1151 superfuit
1298 1088 1404 1147 genus
1424 1073 1586 1134 Romanis

361 1169 584 1244 tractandum,
611 1168 870 1250 exemplumque
901 1171 1039 1230 secutus
1067 1170 1255 1231 ceterorum
1279 1169 1365 1231 Latii
1390 1173 1580 1249 poetarum,

360 1269 442 1331 nibil
463 1269 537 1349 ipse
560 1284 619 1348 per
643 1283 680 1330 se
705 1283 811 1329 ausus
834 1267 885 1328 est
908 1265 943 1328 in
968 1265 1080 1328 luceru
1104 1265 1250 1347 prolerre
1274 1268 1310 1329 in
1335 1285 1402 1348 quo
1426 1285 1585 1347 graecum

357 1366 556 1448 scriptorem
575 1362 734 1428 omnibus
747 1363 922 1426 laudatum
942 1380 1009 1425 nun
1029 1363 1179 1428 imitatus
1200 1364 1326 1441 esset¹3
1343 1383 1452 1444 genus
1471 1366 1587 1447 itaque

357 1479 483 1528 novum
504 1481 586 1528 sene
608 1465 742 1543 Aesopo
765 1461 902 1543 auspice
923 1461 1137 1543 produxerat.
1162 1461 1449 1534 Quemadmodum
1471 1468 1585 1526 autern

356 1561 527 1638 Horatius,
545 1561 666 1625 Lucilii
686 1560 872 1642 discipulus
888 1560 1044 1640 primum,
1061 1576 1139 1623 mox
1159 1558 1365 1625 obtrectator
1378 1561 1582 1636 incesserat,

354 1658 401 1721 ita
416 1658 573 1741 sperabat
587 1658 737 1722 Phaeder
750 1675 797 1736 se,
816 1661 996 1740 postquam
1019 1659 1143 1738 Aesopi
1158 1655 1291 1721 fabulas
1306 1660 1467 1723 Romanis
1482 1663 1582 1722 notas

356 1760 388 1821 et
404 1756 560 1840 probatas
576 1755 723 1832 lecisset,
736 1757 881 1837 propriis
896 1756 1030 1836 scriptis
1046 1755 1208 1836 majorem
1223 1756 1363 1835 gloriam
1374 1757 1466 1821 illius
1478 1757 1587 1835 gloria

356 1859 619 1922 consecuturum
634 1872 719 1919 esse.
731 1854 855 1917 Verum
872 1859 1053 1936 antequam
1068 1853 1195 1936 aliquid
1206 1855 1332 1936 proprii
1345 1857 1417 1936 lpse
1430 1854 1584 1935 fingeret,

356 1954 541 2018 curandum
557 1957 627 2018 erat
642 1957 679 2016 ut
694 1950 885 2015 fabularum
903 1968 1011 2031 genus
1032 1968 1131 2014 omne
1147 1952 1307 2015 Romanis
1322 1953 1482 2034 placeret,
1500 1970 1585 2017 neve

355 2053 494 2117 viliores
511 2070 587 2117 esse
604 2051 724 2116 neniae
739 2049 944 2113 viderentur.
959 2051 1030 2113 Hoc
1045 2051 1202 2112 nnumin
1218 2049 1303 2114 libro
1314 2053 1423 2132 primo
1438 2049 1579 2114 studuit.

397 2152 585 2228 Praeterea,
602 2167 670 2232 quo
692 2149 797 2228 magis
818 2148 1000 2212 delectaret
1019 2148 1171 2227 legentes
1190 2152 1393 2231 gratumque
1409 2167 1446 2213 se
1466 2150 1514 2213 eis
1527 2148 1581 2211 la-

357 2252 462 2329 ceret,
485 2267 553 2312 non
573 2250 655 2312 satis
674 2245 794 2311 habuit
814 2247 993 2326 Aesopiam
1015 2247 1190 2309 materiam
1210 2246 1362 2311 versibus
1383 2248 1501 2328 polire,
1525 2246 1585 2310 sed

359 2349 462 2412 etiam
485 2345 617 2411 fabulas
639 2347 687 2409 ita
712 2344 845 2422 delegit,
873 2345 976 2423 auxit,
1002 2346 1153 2420 mutavit,
1181 2348 1218 2408 nt
1241 2345 1277 2406 in
1300 2345 1369 2409 illis
1391 2345 1586 2427 aequalium

360 2462 473 2509 mores
488 2444 587 2509 facile
602 2445 679 2526 quis
695 2445 902 2522 agnosceret.
925 2442 1041 2524 Neque
1057 2442 1159 2519 igitur
1173 2459 1291 2506 omnes
1311 2445 1433 2525 Aesopi
1452 2441 1585 2507 fabulas

358 2544 461 2608 latine
477 2541 628 2620 reddere,
643 2560 754 2624 neque
768 2540 916 2604 delectas
931 2538 1125 2603 adverbum
1141 2542 1329 2622 exprimere
1344 2543 1581 2618 constituerat;

356 2641 415 2705 sed
437 2640 621 2714 interdum,
638 2640 666 2704 si
686 2639 767 2722 quid
787 2639 817 2702 ei
837 2636 1015 2701 videbatur
1030 2637 1167 2720 majoris
1186 2657 1261 2703 esse
1280 2641 1454 2720 momenti,
1472 2638 1584 2704 fusius

354 2738 390 2802 id
405 2742 439 2803 et
451 2738 634 2821 jucundius
649 2739 817 2820 explicare
832 2736 951 2801 voluit.

633 2925 733 2990 Epo...
754 2935 837 2989 porro
850 2922 994 2986 semitam]
1009 2920 1062 2984 sect
1076 2937 1167 2983 otom,·

633 3003 812 3070 dmonstravi
825 3004 908 3069 ptura
922 3015 1011 3068 quam
1027 3003 1196 3069 reliquerat.

638 3087 673 3137 In
687 3083 887 3138 calamitatem
902 3083 1040 3147 dleltiqcm
1053 3083 1218 3147 qula]edam
1234 3094 1340 3135 meam.

1237 3181 1305 3232 (llas.
1319 3180 1354 3231 lb,
1368 3181 1454 3234 lt-lo.)

397 3385 437 3446 ln
455 3383 509 3446 his
534 3379 781 3458 «deligendis»
805 3382 838 3440 et
855 3377 1018 3456 augendis
1038 3376 1163 3440 fabulis
1188 3376 1461 3458 deprehendetur
1483 3394 1585 3441 verus

359 3485 476 3562 poetae
492 3482 637 3554 animoa,
654 3481 718 3540 et«
737 3477 893 3557 proprii»
910 3476 960 3538 illi
977 3495 993 3537 ‹
1009 3475 1151 3538 affectus
1168 3499 1180 3530 ι
1200 3492 1286 3555 quos
1302 3475 1337 3536 in
1353 3492 1412 3537 eas
1428 3493 1464 3538 se
1481 3479 1586 3537 trans·

359 3579 477 3644 tulisse
498 3575 684 3659 profitetur.
707 3575 757 3637 Ne
779 3579 891 3636 tamen
911 3573 1047 3650 longius
1070 3573 1111 3636 de
1134 3590 1174 3634 ea
1197 3590 1232 3634 re
1255 3573 1479 3654 disputemus,
1503 3575 1586 3635 satis

360 3679 422 3743 erit
436 3677 530 3760 prius
545 3691 663 3740 omnes
681 3671 906 3736 Phaedrianas
920 3670 1053 3734 fabulas
1070 3687 1267 3734 enumerare
1287 3690 1375 3753 quae
1392 3673 1586 3734 etiamnunc

360 3777 396 3839 in
417 3775 580 3855 Aesopioa
609 3773 737 3854 sylloge
767 3773 990 3851 reperiuntur,
1017 3774 1088 3832 tum
1119 3770 1154 3830 in
1177 3786 1293 3832 earnm
1317 3770 1492 3833 nonnullis
1517 3770 1586 3832 vim

362 3875 522 3938 carminis
550 3877 584 3935 et
611 3874 758 3934 mentem
787 3873 904 3952 poetae
932 3869 1114 3950 requirere.
1145 3868 1283 3931 Constat
1311 3867 1501 3931 Phaedrum
1527 3867 1588 3930 has

362 3972 487 4054 Aesopi
501 3969 633 4034 fabulas
646 3970 682 4032 in
697 3968 793 4031 libris
808 3966 951 4050 singulis
968 3984 1043 4030 esse
1058 3966 1227 4029 imitatum
1244 3985 1251 4028 :

405 4162 472 4225 Lrn.
529 4159 553 4222 1.
582 4159 697 4238 Lupus
711 4159 747 4220 et
760 4157 876 4233 Agnus
1052 4154 1090 4215 In
1106 4153 1251 4216 editione
1267 4152 1391 4241 Halmii
1433 4155 1493 4217 774

583 4256 696 4318 Ranae
711 4269 824 4332 regem
839 4252 1010 4333 petierunt
1304 4261 1307 4266 “
1455 4251 1493 4315 76

583 4353 748 4416 Graculus
764 4351 928 4430 superbus
944 4351 977 4410 et
992 4349 1081 4411 Pavo
1435 4349 1510 4426 200,
1528 4347 1585 4411 201

585 4451 683 4515 Canis
696 4467 757 4531 per
771 4448 914 4512 fluvium
930 4463 1066 4510 carnem
1081 4443 1192 4510 ferens
1434 4446 1494 4510 233

584 4552 698 4613 Ranae
712 4549 753 4612 ad
769 4546 875 4611 solem
1455 4546 1493 4607 77

584 4648 705 4730 Vulpis
721 4647 762 4710 ad
776 4661 957 4728 personam
971 4643 1131 4722 tragicam
1455 4643 1494 4706 47

395 4839 420 4889 1.
434 4836 496 4888 vide
511 4835 585 4898 Har„
599 4833 640 4884 ill.
