3636 5652
637 527 679 572 nn
699 526 823 572 onorurc
844 526 1079 572 raancnnauu.
1435 507 1471 570 nl

289 670 382 734 Polla
392 669 494 747 igitur
510 669 705 732 HIKthNO
716 671 751 732 in
761 668 848 733 libro
859 673 980 752 quarto
992 670 1065 732 siue
1077 669 1146 732 ullo
1158 666 1262 731 dubio
1278 666 1475 752 collocanda

249 773 344 844 sunt;
361 766 441 833 folia
455 768 505 840 Po
519 766 645 830 habent
661 768 830 847 epilogum
844 767 890 829 Ill
905 784 983 829 cum
1011 767 1149 847 prologo
1167 765 1211 827 lV
1229 784 1236 826 :
1254 765 1408 846 epilogus
1432 765 1475 828 lll

251 890 263 922 ι
282 872 376 930 idem
390 869 498 929 Poeta
523 889 535 921 ι
559 865 815 945 postponendus
836 869 890 928 est
912 863 1088 928 fabellae«
1108 863 1149 926 de
1164 861 1316 926 Muribus
1330 853 1363 925 et
1378 863 1475 926 illus-

250 966 315 1028 tela
332 984 359 1042 a,
377 965 432 1028 cui
449 965 568 1026 titulus
583 963 795 1045 praepositus
811 968 892 1027 estc
916 965 1024 1028 Poeta
1053 985 1078 1024 ι.
1106 961 1280 1034 Quomodo
1305 959 1386 1024 folia
1409 960 1476 1024 duo

248 1059 324 1126 loco
348 1079 410 1125 suo
432 1061 555 1142 injuria
576 1065 666 1124 mola
691 1061 769 1137 sint,
788 1060 947 1124 facillime
963 1059 1086 1141 conjici
1104 1063 1216 1141 potest
1233 1079 1240 1122 :
1259 1063 1318 1123 aut
1333 1060 1424 1122 enim
1440 1060 1476 1121 in

250 1160 422 1223 versandis
434 1158 524 1222 foliis
539 1158 674 1220 illaduo
690 1159 886 1222 ceciderunt
903 1163 936 1222 et
952 1175 972 1220 a
987 1157 1152 1220 monacho
1177 1173 1296 1236 parum
1320 1156 1475 1236 diligenti

251 1261 385 1339 propter
401 1256 537 1321 titulum
555 1259 790 1332 crumbecca
808 1280 819 1312 r
835 1261 958 1320 temere
974 1257 1085 1338 posita
1098 1260 1177 1318 sunt
1188 1257 1265 1336 post
1280 1255 1422 1317 alteram
1434 1252 1475 1316 de

174 1354 176 1358 ’
251 1356 419 1418 Simonide
445 1352 594 1417 fabulam
617 1355 672 1417 cui
694 1355 813 1417 titulus
834 1358 886 1417 est
904 1378 914 1410 e
934 1355 1037 1418 Poeta
1054 1378 1081 1428 ι,
1100 1357 1159 1415 aut
1172 1351 1295 1434 aliquis
1310 1352 1477 1432 ejusmodi

250 1470 343 1515 error
355 1454 495 1516 exstitit.

291 1553 345 1614 Sic
360 1551 568 1631 compositus
579 1553 617 1611 ut
629 1551 851 1630 exposuimus
867 1567 970 1614 sensu
985 1551 1018 1613 et
1034 1549 1161 1612 ratione
1176 1547 1387 1612 arithmetica
1401 1545 1478 1610 freti

149 1663 152 1676 ·
251 1649 336 1712 liber
352 1650 470 1711 tertius
486 1653 519 1710 et
534 1666 611 1710 vere
630 1672 643 1706 ι
661 1652 773 1712 brevis
784 1672 802 1704 ιι
820 1646 886 1709 dici
902 1651 1022 1727 potest,
1040 1650 1073 1710 et
1088 1648 1207 1708 miram
1225 1645 1478 1726 simplicitatem

253 1745 410 1828 praebet;
426 1746 517 1827 quod
541 1747 638 1808 etiam
655 1745 779 1808 clarius
799 1743 973 1826 apparebit
988 1742 1047 1805 ubi
1066 1743 1107 1806 de
1124 1744 1331 1822 singularum
1347 1741 1477 1806 fabula·

250 1863 326 1909 rum
346 1861 447 1907 sensu
462 1844 635 1907 recondito
650 1841 901 1924 disputabimus
917 1843 959 1922 (v.
977 1841 1066 1904 iufra
1081 1845 1211 1922 partem
1231 1842 1475 1922 posteriorem).

799 2182 868 2244 Lm.
885 2181 942 2243 IV.

292 2449 368 2511 Jam
384 2447 478 2510 nulla
494 2463 599 2510 causa
617 2452 668 2510 est
694 2465 754 2510 cur
777 2448 862 2512 alias
887 2447 1003 2512 turbas
1028 2450 1062 2512 in
1087 2449 1111 2510 P
1130 2463 1344 2530 quaeramus.
1373 2447 1477 2510 Recte

255 2548 333 2626 post
353 2545 529 2626 prologum
551 2545 596 2607 IV
618 2546 710 2607 venit
730 2547 834 2608 series
857 2569 869 2601 ι
896 2551 946 2610 De
971 2551 1073 2622 Vulpc
1091 2548 1123 2608 ct
1144 2549 1215 2610 Uaro
1233 2569 1284 2610 ι...
1304 2568 1316 2601 ι
1333 2549 1479 2621 Servom

253 2648 298 2707 ad
321 2647 465 2719 fabrum
491 2666 503 2699 ι
525 2641 623 2724 (Har.
649 2642 778 2725 80-85);
804 2647 876 2706 tum
893 2646 998 2707 series
1026 2668 1037 2700 ι
1061 2647 1177 2720 Vulpis
1191 2645 1224 2707 et
1248 2647 1410 2720 copem...
1427 2648 1476 2706 De

252 2745 364 2804 Lectae
391 2744 588 2818 reponare»
616 2741 715 2821 (Hav.
743 2741 865 2821 86-91),
892 2741 1013 2806 deinde
1041 2742 1148 2804 series
1175 2743 1233 2803 «A
1262 2739 1479 2804 fictione...

252 2841 386 2902 Poeta:
412 2841 582 2911 Quantum
604 2839 785 2902 valerent»
812 2839 907 2920 (Hav.
934 2837 1057 2922 oli-75).
1085 2840 1244 2920 Epilogus
1266 2838 1309 2898 lV
1327 2837 1481 2920 prolecto

252 2939 304 2998 est
323 2935 524 3019 fabellaldssl
543 2938 674 3000 «Poeta
698 2942 743 3000 aot
763 2939 1022 3001 Particulonem
1049 2958 1056 2998 :
1081 2936 1200 3000 Adhuc
1226 2940 1445 3016 supersunt...
1465 2961 1477 2992 ι

252 3037 392 3098 Restant
409 3034 625 3098 collocandae
646 3036 776 3116 aliquot
795 3034 930 3100 fabulae
950 3035 991 3098 de
1013 3033 1138 3116 quibus
1154 3051 1246 3098 nunc
1260 3035 1479 3112 disseremus,

213 3121 225 3206 l
254 3133 412 3196 universo
433 3131 512 3195 libri
537 3151 642 3196 sensu
669 3132 744 3195 fulti
772 3138 805 3196 et
828 3134 957 3196 ratione
986 3134 1239 3196 arithmeticaa
1263 3133 1346 3196 Lud.
1373 3133 1481 3196 Havet

254 3228 412 3293 adhibita.
439 3231 584 3294 Sensum
609 3228 686 3292 libri
711 3235 743 3294 et
771 3235 921 3306 mentem
943 3229 1122 3294 scribentis
1142 3230 1327 3294 ostendunt
1344 3234 1378 3293 et
1401 3247 1480 3312 pro·

253 3329 360 3408 logos,
378 3333 411 3391 et
425 3326 569 3391 fabellae
584 3331 618 3392 7l
640 3332 673 3391 et
688 3327 737 3407 84,
755 3333 789 3391 et
806 3329 972 3408 epilogus.

293 3425 495 3490 Crediderim
516 3427 708 3508 Eutychum
729 3430 851 3507 poetae
867 3424 1016 3503 lavisse;
1037 3425 1188 3490 Phaeder
1203 3425 1292 3488 enim
1308 3427 1351 3490 ad
1366 3427 1481 3507 pristi-

255 3541 333 3586 nam
347 3525 574 3586 calamitatem
590 3542 759 3604 nusquam
770 3524 841 3605 J'am
857 3525 986 3588 alludit.
1004 3523 1137 3588 bibrum
1149 3526 1305 3606 quartum
1315 3523 1481 3587 dedicavit

255 3623 460 3684 Particuloni
476 3624 620 3694 cuidam,
640 3639 706 3684 non
723 3624 820 3685 aliter
836 3627 915 3685 noto
931 3640 1034 3703 quam
1049 3641 1090 3686 ex
1105 3622 1170 3685 hoc
1185 3621 1309 3686 libello.
1327 3624 1482 3685 Attamen

256 3721 314 3801 qui
330 3718 431 3782 fuerit
449 3720 506 3781 ille
524 3719 615 3782 haud
630 3718 768 3782 difficile
787 3720 961 3800 conjicias.
987 3720 1073 3792 Fuit,
1090 3724 1129 3781 ut
1148 3719 1290 3796 videtur,
1308 3719 1359 3780 vir
1377 3736 1481 3782 occu-

256 3822 355 3897 patus
369 3817 424 3896 (ct.
443 3819 605 3889 Quartum
621 3816 783 3893 libellum,
799 3835 879 3894 qum
893 3814 1088 3897 oa[co]rt[t],
1105 3817 1266 3898 perleges,
1282 3817 1368 3879 Prol.
1386 3835 1418 3880 v.
1431 3817 1481 3880 ll.

257 3916 290 3979 Si
314 3932 381 3977 nou
407 3917 591 3994 ingenium,
618 3918 709 3978 certe
731 3917 932 3978 brevitatem
952 3913 1112 3995 adproba.
1132 3914 1216 3994 Epil.
1240 3931 1272 3976 v.
1293 3913 1334 3994 7),
1356 3918 1390 3976 at
1414 3930 1483 3976 non

257 4012 341 4076 adeo
356 4017 506 4076 attentus
518 4014 605 4076 dulci
616 4014 710 4076 lucro
722 4018 759 4075 ut
771 4030 837 4075 non
849 4012 1182 4075 delectareturdocto
1198 4009 1312 4077 labore
1328 4010 1380 4092 (ol.
1398 4010 1481 4091 prol.

258 4130 288 4174 v.
318 4112 366 4183 ln,
398 4111 558 4181 Quoniam
587 4113 718 4192 caperis
747 4109 893 4190 fabulis),
923 4110 1093 4191 etiamque
1114 4107 1257 4178 fabellas
1281 4108 1421 4172 Phaedri
1448 4109 1482 4171 in

258 4210 390 4272 chartas
403 4208 598 4274 transferret
612 4209 712 4289 (Prol.
723 4226 754 4272 v.
768 4209 828 4288 18).
845 4207 937 4270 ldern
961 4232 975 4266 u
993 4211 1044 4269 rir
1059 4203 1295 4272 sanctissimus
1311 4225 1327 4268 a
1344 4211 1484 4272 vocatur

257 4308 292 4369 in
308 4308 440 4388 epilogo
455 4305 553 4386 (Hav.
570 4309 619 4385 96,
637 4325 668 4370 v.
686 4308 730 4384 l),
747 4305 780 4368 id
796 4310 858 4378 est,
878 4307 911 4368 ni
928 4304 1037 4385 fallor,
1065 4307 1116 4367 vir
1139 4303 1297 4368 omnibus
1321 4303 1483 4385 probatus

258 4423 335 4466 oum
352 4402 501 4468 moribus
519 4404 628 4477 bonis,
642 4408 713 4466 tum
729 4405 858 4486 iudicio
874 4420 957 4466 sano
973 4408 1005 4466 et
1025 4403 1136 4466 studio
1153 4405 1341 4466 litterarum
1360 4404 1483 4466 eximio

258 4501 314 4584 (cf.
332 4503 417 4566 Prol.
436 4521 466 4562 v.
484 4505 532 4568 20.
558 4503 782 4566 inlitteratum
805 4501 959 4582 plausum
982 4519 1048 4568 noc
1070 4499 1250 4582 desidero).
1267 4502 1318 4565 llli
1335 4501 1484 4565 Phaeder

259 4601 382 4664 librum
397 4605 555 4682 quartum
568 4601 709 4682 aliquot¹
721 4605 757 4664 ut
774 4599 915 4676 videtur,
929 4599 1026 4664 aunis
1037 4600 1245 4680 interpositis
1257 4601 1483 4682 conscriptum

261 4699 302 4779 (v.
327 4698 412 4760 Prol.
442 4699 587 4780 initium)
611 4697 779 4761 dedicavit
809 4699 954 4778 primum
977 4699 1118 4776 gratiam
1142 4695 1311 4778 quandam
1336 4697 1484 4762 referens

260 4796 349 4877 quod
366 4795 534 4860 Particulo
551 4797 787 4877 praecedentes
801 4793 905 4858 libros
923 4796 1034 4876 magni
1049 4794 1186 4860 lecisset
1200 4793 1296 4876 (prol.
1310 4814 1342 4857 v.
1361 4795 1481 4875 lit-20),
