3636 5652
625 1417 814 1524 PARS
846 1417 1069 1522 PRIOR

254 2159 348 2229 Libri
368 2160 496 2250 sinpuli
515 2179 559 2230 ex
578 2160 702 2248 quibus
719 2159 858 2274 labellis
878 2166 1053 2242 constent,
1076 2161 1200 2248 quibus
1218 2163 1433 2252 temporibus

561 2303 683 2393 scripti
702 2309 736 2372 et
754 2301 790 2371 in
809 2302 924 2371 lucem
942 2301 1025 2371 editi
1044 2303 1126 2372 sint.

272 2609 345 2670 Non
371 2607 491 2670 iisdem
512 2605 720 2687 temporibus
746 2623 864 2670 omnes
884 2605 1017 2670 fabulas
1033 2625 1105 2671 esse
1121 2608 1239 2683 editae,
1255 2609 1282 2672 si
1301 2609 1379 2690 quis
1402 2609 1453 2673 vel

233 2707 372 2768 minima
386 2723 468 2767 cura
482 2706 638 2784 prologos
653 2706 782 2782 legerit,
795 2703 893 2767 facile
910 2705 1163 2769 animadvertet.
1177 2707 1308 2784 Prologi
1320 2723 1454 2788 quoque

232 2808 266 2868 el
289 2805 409 2884 epilogi
435 2804 583 2866 indicant
607 2807 639 2866 et
662 2804 767 2864 variis
789 2804 869 2865 viris
884 2802 990 2866 libros
1011 2821 1086 2867 esse
1106 2805 1246 2878 dicator,
1268 2809 1300 2866 et
1323 2823 1456 2885 semper

232 2919 354 2965 novum
382 2903 417 2963 in
445 2918 533 2964 novo
553 2899 638 2964 libro
663 2899 791 2963 edendo
816 2903 1023 2982 propositum
1047 2907 1166 2982 poetae
1188 2901 1305 2975 fuisse,
1334 2920 1454 2964 novam

232 2999 401 3062 scribendi
417 3016 564 3075 calisam,
583 3004 616 3061 et
631 3000 805 3070 rollonem,
819 3003 851 3062 et
868 3001 1050 3062 materiem.
1063 3001 1184 3062 Atnon
1195 3017 1313 3062 omnes
1327 2999 1453 3078 prologi

231 3102 375 3171 exstant,
388 3099 544 3159 itemnon
556 3115 673 3159 omnes
683 3097 807 3176 epilogi
820 3116 827 3158 :
839 3096 934 3160 deest
944 3098 1097 3178 epilogus
1111 3097 1168 3178 l(si
1179 3099 1255 3179 quis
1266 3097 1350 3160 l‘orte
1361 3097 1434 3177 luit)
1442 3119 1449 3171 ;

232 3213 363 3258 necnon
389 3195 547 3275 prologus
569 3195 658 3274 (mea
682 3195 818 3274 quidem
837 3195 1033 3275 sententia)¹
1055 3201 1088 3259 et
1110 3197 1260 3276 epilogus
1277 3197 1320 3272 V;
1338 3197 1450 3276 prolo-

231 3311 294 3370 gus
310 3293 354 3354 lli
371 3311 411 3355 ex
428 3291 560 3355 duabus
577 3290 729 3373 partibus
744 3296 877 3355 constet
892 3310 996 3355 sensu
1018 3294 1104 3356 inter
1124 3311 1161 3355 se
1176 3294 1313 3356 omnino
1329 3293 1452 3356 discre-

231 3390 406 3472 pantibus;
425 3391 601 3470 prologum
616 3391 660 3452 IV
677 3392 709 3451 ln
726 3389 793 3452 fine
809 3391 920 3470 quarti
936 3389 1012 3452 libri
1028 3391 1134 3452 codex
1149 3393 1172 3452 P
1187 3389 1300 3466 babet,
1317 3392 1451 3454 initium

231 3492 342 3550 autem
371 3486 445 3549 libri
475 3491 626 3550 notatum
657 3492 734 3550 ante
762 3486 918 3550 fabellam
948 3512 964 3544 α
984 3493 1112 3552 Asinus
1139 3491 1170 3552 et
1200 3493 1288 3552 Galli
1308 3514 1336 3567 »‚
1362 3489 1451 3570 quod

226 3583 377 3648 ‘errorem
399 3585 614 3648 manifestum
637 3585 796 3648 declarat.
819 3587 901 3648 Com
913 3586 983 3667 jum
1000 3590 1048 3649 tot
1061 3588 1095 3648 in
1110 3587 1224 3650 codice
1238 3588 1303 3650 sint
1320 3587 1448 3664 turbae,

232 3689 367 3764 propter
391 3687 491 3746 eliam
517 3685 639 3746 mullas
666 3684 806 3745 lacunas
828 3684 883 3744 vix
907 3685 1037 3748 definiri
1060 3703 1161 3764 posse
1182 3684 1312 3747 videtur
1336 3689 1449 3747 utrum

229 3783 313 3844 baeo
338 3787 439 3863 alque
464 3784 522 3844 illa
551 3781 741 3844 fabularum
770 3784 875 3844 series
906 3801 1019 3845 verum
1048 3783 1158 3846 locum
1189 3787 1309 3858 toneat,
1341 3800 1382 3844 an
1413 3785 1447 3844 in

230 3880 333 3942 alium
348 3880 469 3942 librmn
485 3880 528 3942 sit
546 3877 784 3943 transferenda.

779 4175 847 4235 Lm.
865 4175 887 4235 1.

265 4415 375 4476 Primo
409 4413 494 4477 libro
529 4413 643 4476 turbas
676 4415 783 4476 inesse
817 4419 961 4492 arguunt
989 4418 1022 4476 ot
1051 4416 1184 4479 oodioes
1212 4422 1245 4480 et
1272 4420 1442 4497 prologus.
1484 4399 1486 4406 Α

229 4510 379 4574 Fabellas
401 4513 506 4575 oodex
529 4513 553 4572 P
572 4513 732 4573 continuo
752 4511 867 4572 ordine
889 4511 1027 4591 praebet
1047 4531 1112 4592 quo
1133 4514 1243 4577 adhuc
1266 4523 1445 4578 servantur

225 4611 260 4671 in
282 4609 441 4672 omnibus
462 4610 676 4671 editionibus.
700 4612 741 4671 At
756 4609 881 4670 scheda
896 4611 984 4671 Petri
1001 4611 1117 4673 Daniel
1134 4611 1350 4675 manifestum
1365 4612 1445 4676 laeli

258 4823 280 4873 l.
296 4821 358 4872 Vide
372 4823 444 4882 inire,
459 4839 484 4886 p.
499 4823 538 4874 22.
