3612 5638
359 541 398 608 50
823 559 905 608 raas
926 559 1114 606 rosrcnroa.

357 703 402 768 IV
416 705 502 768 Prol.
520 705 604 768 Hav.
621 706 671 779 77,
696 703 749 780 19;
776 705 858 784 Epil.
876 705 960 766 Har.
986 703 1036 778 96,
1055 703 1115 779 5-6)
1141 719 1217 765 esse
1241 707 1275 764 et
1298 701 1367 764 vita
1394 703 1525 780 integra
1550 708 1590 766 et

358 802 497 882 dignum
511 802 609 884 cujus
630 801 822 883 Eutychum
837 801 1003 864 misereat.
1020 801 1107 864 Nota
1122 802 1214 863 enim
1227 800 1308 862 huic
1322 797 1468 863 fabellae
1484 817 1584 881 prae-

358 901 489 982 positos
500 917 576 964 esse
590 917 712 964 versus
727 899 867 962 ultimos
882 899 1037 979 prologi:
1582 921 1586 928 ·

623 1089 715 1150 Quem
730 1085 756 1137 si
770 1083 850 1150 leges
864 1083 1009 1146 laetah0r;
1027 1084 1074 1136 sin
1088 1089 1187 1138 autem
1201 1083 1311 1144 minus,
1370 1061 1373 1066 ¹

620 1165 759 1220 Habebunt
769 1173 836 1218 certe
849 1181 900 1231 quc
913 1180 940 1216 sc
953 1165 1079 1217 oblectent
1092 1167 1201 1230 postet-t.

396 1365 516 1445 Sperat
526 1365 676 1428 Phaeder
690 1365 921 1429 innocentiam
934 1379 1031 1426 suam
1046 1366 1077 1426 et
1098 1361 1217 1427 laudes
1234 1381 1253 1426 a
1268 1365 1414 1444 posteris
1431 1364 1583 1442 agnitum

356 1463 406 1526 iri.
424 1463 506 1525 Tota
529 1461 664 1538 fabella,
681 1465 719 1524 ut
743 1461 825 1524 mihi
849 1459 987 1543 quidem
1014 1460 1157 1534 videtur,
1175 1460 1260 1524 haec
1284 1459 1354 1524 iere
1379 1462 1547 1540 significat
1575 1481 1582 1524 :

357 1561 442 1624 Olim
458 1578 536 1624 cnm
551 1561 686 1642 posteri,
696 1565 771 1641 post
781 1563 924 1624 mortem
936 1563 1056 1634 meant,
1068 1559 1202 1640 scriptis
1215 1561 1300 1622 meis
1311 1560 1583 1636 delectabuntur,

357 1659 470 1722 dicent
485 1657 633 1740 proiecto
651 1677 657 1721 :
678 1682 690 1716 ‹
708 1659 812 1730 Quale
826 1660 862 1720 in
878 1662 978 1740 poeta
994 1655 1210 1731 nonnosus,
1229 1659 1314 1720 tales
1342 1675 1419 1720 cum
1443 1657 1585 1723 fabellas

356 1757 541 1837 reliquerit.
570 1781 582 1814 ι
614 1757 665 1820 lta
693 1774 775 1820 sane
805 1757 928 1820 sentiet
957 1755 1133 1837 Eutychus
1163 1759 1341 1837 postquam
1370 1774 1425 1819 me
1454 1759 1586 1820 noverit

357 1853 408 1934 (oi.
426 1857 510 1918 Hav.
530 1857 580 1928 54,
597 1854 659 1936 58),
677 1855 710 1917 id
727 1859 777 1918 est
792 1854 926 1917 libellos
941 1871 1037 1917 meos
1056 1853 1185 1932 legerit.

398 1954 517 2035 Specie
541 1953 694 2017 homines
718 1969 817 2031 saepe
843 1951 952 2033 decipi
976 1951 1128 2032 Eutycho
1149 1956 1313 2015 memorat
1332 1953 1365 2013 in
1387 1949 1490 2014 fani
1514 1975 1527 2005 «
1545 1956 1586 2014 de

358 2056 468 2116 Laudo
483 2053 514 2114 et
528 2055 632 2116 Stmto
650 2073 662 2106 »
687 2051 786 2132 (Hav.
803 2049 866 2131 48).
891 2050 928 2111 ln
950 2067 1016 2130 qua
1036 2052 1070 2111 et
1090 2066 1159 2112 rem
1181 2050 1388 2112 levissimam
1409 2055 1532 2124 narrat,
1552 2055 1585 2112 et

358 2167 477 2232 parum
493 2148 603 2230 lapide
616 2150 722 2230 jocari
734 2147 815 2210 mihi
827 2148 978 2225 videtur3
997 2151 1030 2210 at
1042 2148 1167 2210 scimus
1179 2164 1257 2209 eum
1268 2147 1348 2210 illud
1360 2146 1444 2210 nihil
1458 2164 1586 2222 curare,

358 2246 440 2311 dum
455 2247 662 2327 propositum
680 2264 779 2309 suum
794 2244 930 2309 efficiat.
948 2245 1010 2308 Hic
1025 2244 1108 2307 nihil
1123 2245 1214 2307 aliud
1229 2246 1339 2308 voluit
1357 2261 1459 2327 quam
1474 2246 1582 2326 Euty-

360 2345 462 2410 chum
479 2344 541 2412 sibi
553 2344 747 2428 propitium,
765 2341 972 2406 diffidentem
986 2343 1133 2406 inimicis
1150 2344 1222 2406 suis
1237 2341 1360 2406 lacere.
1472 2367 1473 2398 ;

399 2444 527 2526 ltaque,
545 2461 623 2507 cum
636 2445 706 2506 iota
720 2441 845 2505 fabella
858 2458 980 2504 versus
996 2441 1168 2504 contineat
1185 2445 1325 2521 septem,
1347 2440 1460 2508 trihus
1476 2440 1587 2522 versi7

359 2541 425 2606 hus
441 2545 678 2621 argumentum
693 2541 867 2621 explicuit,
880 2540 997 2620 jocum
1013 2539 1122 2602 minus
1137 2537 1285 2602 facetum
1300 2543 1333 2602 et
1342 2539 1441 2602 docto
1451 2538 1589 2601 homine

360 2640 537 2718 indignum
552 2639 732 2704 excusavit
749 2655 757 2698 ε

564 2799 695 2864 Ridicule
711 2798 876 2862 magisnec
891 2797 1003 2849 dictum
1019 2809 1106 2862 quam
1122 2810 1188 2850 vere
1203 2797 1363 2861 [a]estimo;

564 2880 685 2944 Quando
699 2885 723 2929 et
738 2878 868 2938 formosos
883 2879 982 2943 s[c]epe
996 2879 1086 2928 inveni
1098 2878 1235 2942 pessimos,

564 2962 599 3012 Et
614 2961 688 3024 turpi
702 2959 772 3023 facie
786 2958 882 3010 multos
897 2959 1007 3022 copnovt
1021 2958 1144 3022 optimos.

405 3147 577 3230 Ejusmodi
593 3147 719 3229 aliquid
735 3149 835 3210 etiam
850 3148 885 3208 ln
900 3144 966 3210 fab.
984 3151 1001 3210 7
1019 3166 1034 3207 u
1052 3151 1158 3210 Soror
1171 3151 1216 3208 ad
1231 3147 1392 3208 Fratrem
1403 3163 1417 3204 a
1428 3145 1525 3221 (Hav.
1538 3145 1588 3224 tn)

366 3247 519 3326 arguitur
540 3265 546 3308 :
565 3264 631 3309 non
653 3244 751 3320 facie,
774 3245 833 3308 sed
852 3243 1002 3307 moribus
1020 3244 1175 3308 homines
1197 3242 1324 3317 valere;
1340 3246 1495 3316 scrutum
1515 3247 1591 3316 pnt-

366 3349 487 3408 chram
502 3360 744 3424 nonnunquam
763 3346 932 3419 aequitiae
949 3348 1052 3405 mutis
1071 3345 1260 3416 corrumpi,
1285 3345 1413 3416 saetam
1436 3341 1591 3421 quamvis

367 3447 503 3522 turpem
518 3447 612 3506 tonis
626 3446 780 3506 acoribus
795 3441 972 3521 temperari
988 3445 1020 3503 et
1036 3441 1198 3503 illustrari
1213 3439 1260 3519 (v.
1276 3438 1393 3520 15-16).
1411 3440 1486 3502 Non
1501 3439 1589 3502 enim

368 3543 478 3625 potuit
492 3540 643 3604 Phaeder
657 3540 793 3603 obstare
804 3540 886 3620 quin
897 3539 961 3602 sibl
976 3539 1069 3601 noxii
1080 3537 1333 3613 maledicerent3
1347 3541 1590 3612 verumtamen,

369 3642 431 3705 etsi
446 3640 611 3722 quosdam
625 3640 661 3701 ln
674 3637 808 3701 fabellis
823 3639 992 3701 notavisse
1007 3637 1149 3714 videtur,
1167 3637 1245 3698 licet
1261 3635 1494 3714 «integritatis
1511 3653 1593 3698 suae

369 3740 502 3803 conscio
520 3762 531 3795 ι
550 3738 764 3801 innocentem
780 3755 816 3800 se
832 3735 1038 3818 praedicare.

409 3837 494 3900 Item
515 3835 586 3900 fere
606 3837 641 3898 in
665 3834 733 3900 fab.
763 3837 797 3898 ll
825 3859 838 3890 «
865 3838 1053 3897 Eunuchus
1079 3838 1124 3896 ad
1146 3838 1344 3910 Improbum
1375 3856 1386 3888 r
1419 3831 1516 3912 (Har.
1543 3834 1590 3911 55)

369 3935 524 4006 ostendit.
547 3936 575 3998 si
595 3935 672 4015 quis
691 3935 899 4011 inteprttntts
923 3934 1022 3995 testes
1046 3929 1231 4012 producere
1261 3948 1328 3994 non
1354 3933 1469 4011 possit,
1497 3931 1593 3992 illum

370 4051 439 4097 non
457 4033 533 4096 ideo
549 4051 623 4096 esse
642 4032 760 4114 utique
771 4030 1009 4093 damnandum.
1032 4031 1069 4092 ln
1085 4049 1124 4092 ea
1139 4030 1323 4092 Eunuchus
1340 4029 1514 4092 accusanti
1528 4030 1594 4091 Im-

370 4133 477 4214 proho
492 4131 625 4194 cuidam
639 4131 798 4193 damnum
812 4129 930 4192 amissi
946 4129 1097 4208 corporis
1114 4149 1120 4189 :

603 4309 655 4370 En,
670 4307 721 4372 ait,
737 4307 793 4359 hoc
808 4320 901 4359 unum
916 4311 971 4369 est,
987 4319 1039 4358 our
1052 4304 1180 4358 lahorem
1195 4305 1333 4370 validius,

605 4388 769 4452 lntcpritutia
784 4393 859 4437 testes
873 4387 938 4451 quia
952 4386 1046 4436 desunt
1060 4386 1138 4437 miti.

605 4469 659 4521 Sed
674 4467 745 4533 qnid
761 4467 904 4530 fortunae,
920 4466 1022 4530 stulte,
1036 4466 1178 4520 delictum
1192 4467 1312 4532 arguis?

603 4549 636 4599 ld
651 4549 758 4598 demum
772 4556 809 4598 est
822 4546 926 4597 homini
935 4553 1011 4614 turpe
1026 4547 1096 4613 quod
1112 4547 1210 4597 meruit
1223 4547 1291 4613 pati.

414 4740 476 4802 Hic
490 4739 543 4802 vis
561 4741 630 4800 tota
644 4737 803 4800 carminis
814 4734 892 4816 joco
908 4734 1055 4800 obsceno
1071 4736 1274 4814 continetur,
1293 4733 1449 4811 ambigue
1464 4731 1597 4810 signifi-

375 4836 531 4900 cantibus
552 4835 664 4900 verbis
687 4858 700 4891 «
723 4835 923 4911 integritatis
945 4838 1049 4898 testes
1076 4859 1102 4898 o.
1129 4832 1279 4898 Phaeder
1302 4850 1437 4914 quoque
1466 4829 1597 4893 laborat
