3612 5638
530 533 572 578 na
598 533 820 578 nannccaanu
842 531 944 578 suasu
967 531 1161 578 ascouorro.
1419 517 1459 579 75

277 678 347 746 Quo
370 673 523 758 improbe
542 675 631 738 dicto
649 674 817 753 significat
840 675 975 737 divitias
996 674 1094 738 malis
1118 673 1248 738 artibus
1273 679 1460 757 comparari

238 774 361 849 solere;
379 773 477 837 docet
490 776 589 836 etiam
601 791 669 838 non
679 775 846 837 immerito
857 772 1001 836 divitum
1011 773 1173 853 majorem
1185 777 1310 854 partem
1324 776 1436 854 puniri
1451 795 1457 836 :

483 964 677 1014 Numeremus
692 960 817 1025 agedum
830 960 880 1024 qui
895 959 1042 1023 capuana·
1055 961 1206 1024 perierunt
1222 977 1228 1010 :

486 1041 612 1106 timorem
627 1041 733 1091 turbam
747 1041 904 1106 punitorum
919 1039 1075 1103 relbleries.

483 1122 588 1175 Paucis
602 1121 752 1174 temeritas
767 1125 813 1174 est
826 1113 912 1186 bo'no,
927 1118 1030 1172 multis
1045 1120 1133 1172 malo.

1228 1205 1260 1253 (ι.
1273 1201 1359 1256 tlt-tt.)

276 1417 382 1490 Ouidi
409 1417 535 1480 audent
558 1419 613 1481 isti
638 1415 791 1481 conferre
819 1434 855 1480 se
885 1417 1017 1498 corpori
1040 1414 1181 1490 deditos,
1206 1433 1284 1502 cum
1308 1414 1458 1479 Phaedro

233 1519 347 1579 Musas
362 1516 511 1580 colente!
528 1516 681 1579 inutilem
702 1519 734 1578 et
752 1514 940 1596 improbam
959 1516 1063 1576 vitam
1088 1531 1185 1578 suam
1210 1531 1286 1576 curn
1307 1513 1459 1578 honestis

233 1616 391 1694 occupati
406 1619 526 1694 poetae
539 1612 705 1677 moribus!
724 1611 776 1692 (ci.
794 1610 860 1676 fab.
880 1615 917 1677 it
937 1637 948 1670 ι
967 1619 1128 1677 Fomatec
1142 1614 1173 1675 et
1193 1617 1314 1676 Maraeu
1336 1637 1349 1668 a
1372 1612 1456 1674 Hav.

233 1713 293 1793 74).
311 1713 447 1774 Jactent
462 1712 517 1773 isti
533 1712 724 1792 principum
740 1713 1015 1773 conversationes
1027 1710 1073 1791 (v.
1090 1711 1132 1790 t),
1149 1711 1267 1790 epulas
1283 1715 1316 1774 et
1331 1710 1459 1774 ventris

235 1811 424 1890 voluptates
438 1808 482 1889 (v.
501 1809 544 1888 5),
561 1809 733 1870 licentiam
749 1807 885 1871 vivendi
906 1807 951 1886 (v.
970 1807 1012 1888 6),
1030 1825 1162 1870 amores
1177 1805 1332 1870 infandos
1351 1806 1397 1888 (ι.
1415 1807 1457 1888 7),

233 1905 339 1965 otium
355 1901 501 1984 denique
516 1905 549 1965 et
564 1903 715 1964 omnium
731 1919 843 1963 rerum
859 1905 1048 1964 satietatem
1067 1901 1112 1982 (v.
1131 1903 1175 1983 a);
1200 1900 1397 1978 Phaedrum,
1421 1905 1459 1963 ut

236 2002 408 2073 rusticum,
441 2002 669 2072 contemnant,
700 2000 789 2062 licet.
815 2000 900 2070 Quin
922 2003 1108 2061 memorant
1133 2000 1234 2060 etiarn
1254 1997 1400 2064 offensas
1426 2003 1459 2060 et

234 2098 455 2161 contumelias
477 2096 523 2178 (v,
546 2095 679 2177 td-tnlt
703 2098 808 2159 Immo
833 2096 944 2159 studia
967 2114 1147 2178 moresque
1173 2097 1323 2178 impuros
1345 2101 1457 2174 tegere

233 2195 358 2260 debent
372 2198 419 2276 (v.
437 2195 503 2276 ll)t
521 2196 620 2273 Istos,
636 2200 714 2274 post
728 2196 871 2257 inertem
887 2199 921 2257 et
942 2195 1122 2258 scelestam
1142 2196 1257 2269 vitam,
1279 2193 1360 2276 quid
1383 2211 1456 2257 ma-

235 2293 348 2356 nebit?
362 2293 513 2356 Phaeder
527 2311 617 2372 vern,
634 2292 735 2356 docto
751 2291 864 2354 labore
880 2290 960 2354 dum
976 2291 1122 2374 quotidie
1138 2296 1287 2354 mentem
1308 2296 1454 2370 exercet,

234 2408 417 2470 perennem
429 2389 494 2454 sibi
509 2390 631 2453 lamani
643 2393 826 2468 comparat,
839 2406 963 2452 nomen
979 2407 1078 2452 suum
1091 2393 1239 2470 praestat
1253 2389 1454 2453 immortale.

433 2591 447 2624 e
462 2574 542 2626 Nihil
554 2574 689 2626 laboras‘t
703 2575 779 2636 ldeo,
796 2576 887 2640 [ulum
901 2588 973 2641 opus
988 2581 1043 2637 est,
1057 2575 1131 2628 nihil
1147 2576 1248 2629 trabes.

435 2656 491 2720 Epo
505 2669 621 2720 pronum
634 2655 665 2704 in
678 2655 791 2706 hiemem
803 2671 861 2706 cum
875 2657 990 2707 studiose
1005 2671 1125 2722 coepero,

438 2737 477 2788 Te
490 2735 564 2788 circa
579 2748 697 2787 murum
715 2736 794 2800 pasci
808 2735 893 2788 video
908 2744 1020 2787 stercore
1025 2752 1034 2796 ;

434 2817 505 2866 Mori
519 2820 699 2868 contractam
714 2829 780 2868 cunr
798 2821 825 2868 te
839 2822 949 2882 cogunt
961 2816 1077 2880 trigora,

434 2897 476 2945 Me
490 2896 597 2960 copiosa
610 2896 704 2960 recipit
721 2896 880 2947 ineolumem
894 2896 997 2946 domus.

434 2976 539 3027 Aestate
552 2991 594 3025 me
609 2977 714 3026 lacessis
721 2993 730 3035 ‚·
744 2977 828 3041 [q]um
842 2976 982 3040 tremulat]
996 2975 1066 3028 sites.

432 3056 509 3108 Satis
525 3055 653 3122 protecto
667 3056 778 3109 rettudi
791 3056 967 3121 superbiam.
986 3076 998 3101 »

1252 3137 1347 3188 (te-nt.)

272 3353 479 3415 Sententiam
497 3369 592 3414 suam
608 3358 646 3412 ut
661 3351 848 3429 legentibus
862 3353 960 3430 plane
976 3352 1171 3425 declararet,
1194 3351 1451 3431 explicationem

234 3451 335 3512 trium
351 3468 513 3513 versuum
528 3448 714 3513 addendam
730 3449 860 3511 curavit
877 3469 883 3510 :

512 3636 626 3689 Fabella
640 3635 708 3689 talis
723 3635 878 3688 hominum
893 3636 1033 3688 discernit
1047 3641 1140 3699 notas,

508 3719 612 3768 Eorum
627 3716 678 3779 qui
693 3728 724 3767 se
736 3715 819 3767 talsis
833 3721 939 3768 ornant
951 3715 1098 3776 laudibus,

508 3799 679 3860 aequorum
693 3797 787 3848 virtus
801 3796 944 3860 exlhlibet
958 3796 1086 3848 solidum
1101 3797 1198 3848 decus.

1221 3898 1253 3946 (v.
1263 3897 1347 3949 23-25.)

269 4113 401 4175 Divitiis
421 4111 495 4173 istis
517 4115 554 4173 ut
573 4111 655 4173 alias
676 4111 811 4174 divitias
835 4116 1021 4192 opponeret
1049 4117 1149 4192 poeta
1174 4111 1238 4174 sibi
1261 4115 1448 4193 proposuit,

230 4210 295 4272 alia
312 4209 433 4283 studia,
446 4226 533 4290 quae
550 4209 597 4268 illi
619 4207 847 4284 fastidiebant,
870 4211 940 4289 ipse
957 4211 1109 4288 omnium
1129 4228 1204 4272 esse
1224 4213 1349 4290 optima
1370 4229 1452 4274 oon-

229 4307 414 4370 tenuitati
441 4305 531 4388 quod
556 4305 765 4385 probandum
787 4307 871 4370 duas
891 4306 1030 4370 fabellas
1052 4309 1188 4389 scripsit
1208 4308 1248 4370 de
1269 4309 1450 4385 Simonide,

229 4422 368 4485 remque
384 4422 452 4466 non
469 4403 582 4466 lictam
599 4404 657 4466 sed
673 4423 787 4468 verum
803 4409 836 4468 et
850 4404 1009 4467 omnibus
1022 4409 1135 4467 notam
1152 4408 1277 4468 retulit.

268 4505 306 4565 In
323 4503 431 4583 priore
447 4501 525 4582 (fab.
545 4506 583 4566 ⁸20
600 4525 616 4556 «
632 4508 680 4564 De
694 4508 862 4567 mmomm
880 4523 894 4564 r
911 4505 994 4566 Har.
1011 4505 1062 4584 7⁶2)
1077 4505 1225 4568 ostendit
1247 4529 1258 4562 ι
1283 4510 1451 4569 teatinam

229 4605 365 4665 doctum
379 4606 416 4663 tta
432 4618 468 4664 se
482 4617 618 4676 semper
636 4606 774 4664 divitias
793 4607 926 4665 habere.
951 4603 1102 4664 »Narrat
1126 4605 1228 4679 igitur
1252 4602 1451 4683 naufragum

229 4699 435 4762 Simonidem
450 4716 527 4761 cum
544 4699 619 4760 aliis
636 4701 841 4774 enatavisse3
858 4699 932 4774 hoe,
951 4698 1073 4780 opibus
1088 4699 1280 4779 deperditis,
1303 4701 1336 4761 in
1360 4719 1450 4763 sum-

123 4815 128 4824 ·
230 4814 319 4860 mam
338 4797 507 4859 miseriam
528 4813 602 4858 esse
623 4794 792 4872 redactos3
812 4797 919 4874 illum,
937 4801 1072 4876 propter
1091 4797 1276 4860 litterarum
1302 4799 1451 4862 studium
