3612 5638
532 524 574 570 DF}
596 523 817 569 FABELLARUM
840 522 943 570 SBNSU
966 521 1162 568 REGONDITO.
1423 502 1458 564 51

241 669 331 752 quod
346 666 409 732 sibi
424 670 529 732 testes
544 667 666 742 desint,
684 670 717 729 et
731 667 807 746 ipsa
819 664 1018 729 fabellarum
1033 668 1155 727 natura
1168 664 1342 728 malevolis
1357 661 1462 728 obno-

240 766 511 844 xiusia'ctussit,
527 764 682 830 fortunae
698 764 832 838 delicte,
850 781 919 828 non
935 780 1007 826 suo.

265 867 266 872 ’
281 868 440 932 Similiter
453 866 601 948 denique
616 863 807 944 Eutychum
822 863 980 926 admonet
995 859 1120 926 fabella
1134 863 1171 924 13
1190 884 1202 918 ι
1223 866 1315 938 Apes
1334 863 1367 924 et
1380 865 1464 925 ruet

247 972 354 1044 Vespa
361 969 479 1043 judice
496 989 507 1022 ι
525 963 622 1044 (Har.
640 963 690 1040 57)
705 962 746 1025 de
761 960 956 1025 hominibus
972 978 1039 1024 non
1055 978 1097 1024 ex
1112 961 1226 1041 specie
1247 959 1306 1023 sed
1326 977 1367 1023 ex
1388 976 1462 1022 mo-

242 1065 336 1129 ribus
351 1081 428 1127 esse
438 1061 671 1144 judicandum.
695 1060 879 1137 Litigantes
899 1059 1014 1140 itaque
1034 1058 1164 1121 inducit
1180 1076 1259 1140 apes
1283 1058 1465 1121 industrias

242 1182 320 1227 cum
335 1161 502 1226 inertibus
516 1158 616 1235 fucis,
633 1157 790 1240 prudenti
806 1176 907 1238 vespa
918 1157 1042 1238 judice.
1060 1159 1151 1232 Quae
1165 1175 1243 1220 cum
1263 1160 1399 1220 caveret
1421 1173 1463 1217 ne

242 1260 328 1326 falsa
344 1261 457 1343 speeie
472 1261 570 1342 capta
584 1259 744 1339 injustam
760 1256 886 1320 diceret
901 1255 1104 1320 sententiam
1122 1275 1142 1317 ει

505 1449 568 1500 Non
583 1445 793 1499 inconveniens
808 1457 912 1509 corpus
927 1449 957 1498 et
972 1455 1023 1509 par
1037 1448 1084 1497 est
1098 1443 1186 1508 colos,

505 1530 538 1580 ln
553 1527 674 1580 dubium
690 1525 776 1592 piene
790 1538 836 1580 res
850 1530 884 1578 ut
898 1525 1004 1582 merito
1017 1525 1140 1578 venerit.

1254 1609 1287 1661 (ν.
1300 1605 1360 1656 o-t.)

244 1827 414 1907 velletque
430 1825 518 1888 bona
534 1828 567 1887 et
583 1828 675 1888 certa
689 1824 754 1888 fide
769 1823 810 1886 de
826 1841 927 1886 causa
942 1824 1090 1886 statuere
1107 1841 1114 1884 :
1165 1919 1166 1928 ἵ

540 2019 562 2066 J.
573 2051 577 2060 .
588 2051 593 2062 .
605 2025 653 2065 .ne
669 2011 761 2076 retiyto
777 2015 876 2076 peccet
891 2011 1065 2076 imprudens
1079 2023 1154 2069 mea,

1285 2108 1359 2160 (aa.)

243 2340 421 2418 cessetque
441 2352 549 2415 penna
571 2339 753 2411 unamque
775 2339 1005 2412 pulcherrime
1028 2335 1072 2417 (v.
1093 2337 1133 2416 4),
1156 2336 1247 2399 litem
1267 2305 1308 2404 cx
1332 2333 1461 2397 utrius-

245 2454 311 2517 que
326 2433 478 2499 moribus
493 2440 527 2498 et
542 2437 662 2496 natura
676 2435 845 2514 sapienter
859 2434 999 2497 resolvit
1014 2456 1021 2495 :

489 2622 579 2674 Alvos
593 2621 718 2685 accipite
734 2626 763 2674 et
778 2621 853 2674 ceris
868 2633 941 2686 opus
956 2620 1109 2680 iniundite‚

489 2705 526 2756 Ut
540 2718 574 2752 ex
586 2717 683 2767 sapore
692 2703 777 2752 mettis
792 2707 822 2754 et
835 2701 924 2762 forma
940 2703 1008 2764 suoi,

488 2786 529 2836 De
541 2783 607 2848 quis
623 2795 702 2835 nunc
714 2783 812 2848 agitur
826 2788 927 2835 auctor
940 2783 1045 2835 horum
1059 2786 1198 2848 appareat

1160 2883 1163 2886 ’
1243 2891 1275 2941 (v.
1286 2887 1358 2941 o-rt.)

279 3104 424 3185 Vespam
439 3107 589 3166 imitetur
605 3107 779 3187 Eutychus
803 3127 808 3166 :
827 3103 1066 3168 Phaedrum'et
1084 3107 1157 3186 ejus
1175 3104 1329 3167 inimicos
1353 3120 1395 3165 ne
1419 3122 1459 3165 ex

240 3203 378 3265 crimine
395 3208 452 3265 aut
469 3205 582 3284 speeie
598 3205 712 3280 discat,
730 3220 844 3266 verum
860 3223 899 3266 ex
912 3203 1062 3267 moribus
1074 3203 1204 3265 etvita:
1220 3207 1299 3265 tunc
1310 3198 1459 3280 profecto

239 3303 421 3380 comperiet
442 3302 509 3364 utri
529 3303 597 3384 sint
616 3302 770 3382 improbi,
792 3308 867 3365 uter
885 3304 1059 3365 innocens.
1082 3303 1121 3363 ln
1144 3303 1208 3365 hae
1231 3300 1355 3364 fabella
1376 3301 1458 3366 adeo

239 3389 453 3462 menifestum
469 3404 521 3473 est
535 3401 722 3470 Phaedrum
738 3401 830 3463 adse
846 3402 957 3480 ipsum
977 3405 1010 3462 et
1027 3404 1243 3463 accusatores
1263 3417 1344 3463 suos
1369 3400 1456 3462 allu-

239 3497 336 3570 sisse,
359 3497 454 3559 utin
478 3497 544 3560 fine
567 3496 688 3578 epilogi
714 3499 808 3574 (Hav.
841 3498 892 3580 76)
921 3497 1111 3578 Eutychum
1135 3502 1247 3577 aperte
1275 3498 1456 3573 allocutus,

237 3594 356 3658 iisdem
371 3593 440 3658 fere
457 3594 569 3658 verbis
584 3600 699 3658 utatur
716 3589 721 3658 ':

501 3785 631 3836 Decerne
648 3783 725 3847 quod
738 3783 864 3848 ret[t]9ic‚
880 3783 957 3848 quod
972 3782 1165 3847 patiturfides.

1266 3895 1287 3924 V.
1331 3913 1337 3924 .

499 3953 549 4012 Qui
562 3953 616 4003 sint
629 3954 761 4018 requires,-
777 3954 957 4018 apparebunt
973 3958 1111 4018 tempore.
1254 3886 1263 3934 <
1302 3882 1348 3932 26)

1257 4055 1288 4103 (v.
1302 4052 1347 4104 ³2.)

273 4239 407 4331 eddidit
421 4265 577 4346 deniqne,
593 4285 634 4328 ne
650 4269 725 4348 quis
741 4267 781 4330 de
797 4268 939 4332 oonsilio
955 4286 1017 4330 suc
1032 4274 1167 4342 erraret,
1187 4268 1303 4332 sedulo
1314 4287 1349 4332 se
1364 4270 1452 4332 hanc

233 4366 465 4444 composuisse
481 4364 630 4426 tabulam
650 4371 688 4428 ut
708 4365 882 4446 perfidiam
903 4369 1071 4429 Fucorum
1091 4373 1125 4430 et
1149 4366 1396 4448 improbitatem
1420 4372 1452 4431 et

233 4462 391 4525 invidiam
408 4467 564 4526 notaret:
1215 4463 1216 4467 ’
1372 4485 1373 4489 ’
1439 4459 1441 4466 ’

526 4653 607 4703 Hanc
621 4652 824 4714 praeterissem
838 4653 969 4705 fabulam
982 4633 1108 4716 silentio,

525 4731 556 4780 st
568 4738 675 4796 pactam
684 4732 741 4795 farei
749 4747 804 4782 nou
816 4740 983 4785 recusassent
992 4735 1083 4797 fidem.
1120 4789 1123 4798 ,

1219 4833 1251 4885 (ν.
1263 4832 1344 4886 tort.)
