3636 5652
557 529 600 574 DE
622 530 840 581 Fasuhhaauh
862 531 966 578 SENSU
990 529 1182 576 sacculum.
1446 513 1485 578 39

261 678 336 738 tans
352 693 368 734 <r
443 673 505 736 has
528 673 648 756 Sejano
669 673 825 738 victimas
846 674 985 742 caderet
1003 697 1019 730 r
1035 676 1107 746 Quo
1131 673 1332 738 intendisset
1354 673 1482 750 oculos,

261 790 328 854 quo
344 771 448 836 verba
462 772 665 850 acciderent,
683 769 773 851 fuga,
790 773 950 851 vastitas;
967 773 1076 837 deseri
1089 773 1222 845 itinera,
1239 771 1348 836 fora...
1368 795 1384 830 a

301 872 462 934 Hortatur
476 869 623 952 denique
643 870 793 934 Phaeder
809 873 978 934 Romanos
994 875 1032 934 ut
1051 875 1183 951 pestem
1202 873 1303 936 istam
1318 871 1487 952 patienter

260 966 380 1044 ferant,
391 969 487 1052 quasi
498 986 565 1034 non
577 967 725 1032 confidat
736 972 950 1050 praesentem
960 969 1184 1034 calamitatem
1191 970 1262 1051 jam
1274 969 1363 1038 finiri
1372 986 1484 1051 posse.

774 1157 832 1208 vos
847 1169 973 1221 quoque,
990 1157 1161 1221 [olcives,...

524 1237 584 1288 Hoc
598 1235 754 1296 sustinete,
769 1237 917 1300 majusne
932 1236 1045 1298 veniat,
1055 1236 1175 1288 malum.

1249 1337 1281 1390 (v.
1295 1335 1380 1388 ³0-31.)

300 1569 338 1629 ln
353 1567 417 1630 hac
431 1568 533 1646 igitur
548 1567 674 1650 fabula,
691 1586 801 1652 neque
816 1557 987 1650 sejanum,
1002 1587 1111 1652 neque
1123 1573 1351 1634 Romanorum
1363 1587 1487 1651 quem·¹

260 1683 362 1746 qnam
378 1665 480 1729 latere
496 1667 607 1747 potuit
619 1667 762 1730 Phaedri
777 1669 966 1732 consilium.
1542 1677 1545 1683 '

191 1815 196 1818 .
299 1765 338 1826 In
358 1765 434 1826 aliis
453 1765 604 1846 apologis
625 1769 759 1846 poetam
777 1765 875 1828 facile
895 1766 1093 1829 crediderim
1117 1784 1228 1829 mores
1249 1767 1429 1829 universos
1453 1769 1488 1828 et

263 1862 385 1945 (quod
404 1861 467 1924 luit
491 1879 670 1926 commune
690 1864 842 1944 omnium
859 1884 875 1926 r
893 1865 1082 1929 ostendisse
1093 1885 1102 1938 ;
1124 1865 1160 1926 in
1179 1864 1352 1928 nonnullis
1371 1866 1485 1927 tamen

261 1961 303 2024 ad
327 1978 381 2024 res
405 1961 630 2044 hominesque
654 1962 721 2025 illis
746 1962 955 2045 temporibus
980 1965 1173 2042 insignitos,
1199 1963 1322 2027 nostris
1347 1963 1485 2026 minime

261 2062 368 2132 notos,
380 2059 529 2124 alludere
540 2058 671 2138 debuit;
687 2061 724 2124 in
736 2059 894 2124 omnihus
905 2061 1090 2139 deligendis
1100 2079 1140 2124 ac
1150 2061 1333 2124 tractandis
1345 2063 1485 2123 naturae

261 2174 343 2220 suae
370 2157 614 2221 vehementiori
647 2162 681 2223 et
709 2157 873 2222 acerbiori
901 2158 1056 2235 indulsit,
1088 2176 1169 2223 suos
1202 2159 1312 2240 ipsius
1343 2158 1485 2221 affectus

262 2257 429 2335 exposuit.

331 2661 369 2737 Β)
393 2660 442 2721 Da
464 2661 626 2722 Punnnso
649 2677 875 2722 rasnnnnnuu
897 2676 1103 2730 mvsurona,
1125 2677 1190 2722 vnn
1213 2677 1255 2721 ue
1276 2676 1412 2722 aluums

604 2801 682 2848 eosr
705 2801 826 2848 nissum
851 2801 976 2846 rnruuu
999 2801 1150 2848 somnus.

302 3071 412 3151 Nunc,
430 3071 458 3133 si
474 3070 584 3134 adeas
601 3069 740 3134 fabellas
754 3069 973 3134 transibimus
985 3089 1071 3153 quas
1084 3070 1234 3134 Phaeder
1251 3097 1266 3128 «
1283 3089 1350 3135 non
1362 3074 1486 3154 Aesopi

264 3169 324 3232 sed
337 3171 500 3249 Aesopias
516 3189 532 3230 r
550 3168 763 3248 vocat·(Hav.
781 3171 830 3244 77,
850 3170 899 3250 ll)
916 3172 949 3232 et
963 3187 1106 3250 quarum
1122 3172 1244 3233 multas
1263 3171 1336 3251 ipse
1352 3162 1497 3248 excogil

231 3322 233 3328 .
264 3268 346 3331 tavit
370 3266 506 3330 «rebus
531 3269 630 3330 novis
654 3285 745 3343 usne,
773 3272 906 3331 vetusto
931 3285 1052 3344 genere
1069 3292 1082 3324 »
1107 3268 1211 3349 (thid,
1238 3288 1271 3332 v,
1301 3269 1358 3350 12),
1386 3271 1486 3333 etiam

263 3365 396 3429 facilius
407 3367 468 3428 erit
481 3366 548 3428 vim
561 3367 731 3447 quandam
743 3367 911 3428 satiricam
922 3367 956 3428 in
973 3366 1021 3429 eis
1034 3384 1225 3444 agnoscere,
1240 3385 1485 3449 nonnunquam

263 3465 412 3527 animum
432 3467 551 3544 poetae
572 3481 759 3539 morosum,
777 3462 903 3544 ubique
923 3465 1081 3544 proprios
1098 3466 1247 3528 hominis
1269 3466 1419 3529 affectus.
1438 3468 1486 3530 Ex

263 3580 331 3643 quo
353 3565 440 3624 enim
463 3563 585 3641 Aesopi
610 3563 760 3640 vestigiis
783 3563 894 3624 minus
916 3562 1049 3637 institit,
1073 3563 1408 3626 animadvertendum
1434 3569 1487 3628 est

264 3677 342 3722 curn
363 3659 470 3736 magis
492 3677 532 3722 ao
554 3661 660 3737 magis
682 3661 816 3736 ingenio
839 3677 901 3723 suo
925 3661 1000 3722 vela
1024 3661 1230 3742 permisisse.
1259 3664 1386 3742 ltaque,
1413 3663 1485 3724 sive

264 3759 433 3834 homiues,
452 3759 523 3820 sive
543 3755 677 3821 ferasin
692 3775 828 3820 scenam
846 3757 994 3829 induxit,
1011 3757 1094 3821 nihil
1116 3776 1183 3821 non
1204 3759 1303 3822 fiuxit
1322 3759 1413 3840 quod
1429 3765 1488 3823 aut

264 3854 306 3918 ad
321 3855 403 3918 alios
419 3854 665 3936 impugnandos
679 3859 737 3918 aut
752 3854 794 3917 ad
809 3856 860 3918 sui
875 3853 1104 3919 defensionem
1121 3874 1187 3919 non
1203 3859 1395 3937 pertineret.

698 4141 746 4205 De
767 4146 869 4206 Libro
891 4145 1052 4206 Secundo.

307 4371 443 4436 Librum
460 4373 647 4436 secundum
664 4390 731 4454 quo
751 4375 862 4449 animo
885 4375 1059 4453 scripserit
1074 4376 1147 4455 ipse
1167 4394 1229 4439 nos
1245 4378 1352 4441 docet.
1373 4379 1488 4441 Voluit

267 4472 412 4552 primum
428 4472 570 4534 alterum
587 4473 759 4552 Aesopum
775 4490 810 4534 se
825 4471 942 4535 haberi
958 4490 1058 4554 quem
1071 4475 1200 4538 Latium
1212 4477 1369 4540 Graeciae
1386 4494 1487 4558 oppo-

268 4587 347 4634 nere
363 4574 474 4651 posset
491 4590 498 4632 ε

453 4755 614 4827 [Siquidem
628 4757 710 4809 omni
724 4769 794 4810 cura
807 4769 917 4812 morem
933 4761 1054 4812 servabo
1070 4759 1160 4822 senis

453 4835 508 4890 sed
524 4836 550 4888 sl
564 4837 683 4890 libuerlt
698 4837 804 4902 aliquid
817 4839 1004 4904 interponelre]
