3612 5638
521 559 565 604 ns
587 559 808 605 raannerauu
831 557 935 604 snrso
958 555 1153 602 nscosnrro.
1414 535 1454 600 49

227 705 403 784 neglegere
430 707 592 780 cogatur;
619 719 728 782 neque
759 702 870 764 solent
895 703 1050 764 auctores
1080 698 1123 760 ab
1144 699 1202 761 illo
1222 700 1278 761 cui
1298 698 1455 764 dedicant

228 802 352 884 aliquid
368 802 470 864 etiam
485 804 586 882 atque
602 801 705 865 etiam
728 799 914 877 efflagitare
938 802 975 859 ut
1000 797 1124 860 librum
1149 796 1267 860 sedulo
1292 797 1452 878 perlegat.

227 901 288 964 Hic
307 916 388 962 vero
404 899 553 962 Phaeder
574 902 666 962 certo
694 883 838 963 consilio
860 895 1003 960 fabellas
1028 899 1062 958 et
1086 895 1220 976 scripsit
1243 899 1276 957 et
1300 895 1454 978 Eutycho

227 997 397 1063 dedicavit
409 1017 416 1059 :
430 1014 531 1079 quern
543 995 709 1060 adducere
720 997 829 1060 voluit
843 999 879 1059 ut
895 999 1030 1076 poetam
1040 995 1256 1056 innocentem
1271 997 1303 1056 et
1318 992 1455 1058 doctum

228 1097 391 1160 adversus
404 1094 578 1176 improbos
595 1099 628 1158 et
644 1097 767 1158 stultos
782 1092 985 1158 defenderet.

265 1196 341 1257 Jam
369 1193 519 1271 singulas
547 1190 682 1255 fabulas
711 1191 938 1256 intueamur:
967 1193 1002 1252 in
1030 1188 1152 1270 quibus
1180 1189 1364 1269 comperire
1394 1189 1457 1252 erit

196 1365 199 1370 ,
228 1291 417 1354 Phaedrum
430 1292 479 1353 ita
493 1294 526 1354 et
541 1290 718 1353 materiam
733 1291 842 1371 ipsam
858 1288 1036 1367 delegisse,
1054 1292 1087 1350 et
1102 1288 1216 1351 omnia
1231 1287 1452 1368 disposuisse,

224 1391 319 1471 jocos
334 1389 480 1470 denique
495 1392 528 1452 et
547 1389 770 1469 epimythium
785 1388 950 1451 addidisse
966 1391 1004 1449 ut
1028 1402 1165 1450 causam
1189 1403 1284 1450 suam
1307 1385 1455 1450 hominis
1485 1379 1488 1384 “

225 1486 351 1568 injuste
367 1487 517 1551 accusati
532 1503 633 1569 quam
649 1487 773 1566 optime
789 1489 909 1548 oraret.

272 1586 366 1658 Quod
382 1586 424 1648 ad
439 1587 692 1649 accusationem
708 1579 863 1665 pertinet,
881 1586 976 1646 curat
998 1583 1145 1664 primum
1167 1580 1317 1644 Phaeder
1340 1581 1456 1644 admo-

228 1685 377 1747 nendum
404 1683 596 1764 Eutychum
624 1702 666 1746 ne
692 1684 805 1764 speeie
830 1683 992 1763 deceptus
1017 1681 1057 1744 de
1086 1699 1121 1742 re
1146 1681 1276 1761 judicet
1306 1681 1456 1758 (mordax

228 1783 318 1843 enim
334 1782 369 1843 in
383 1779 514 1844 fabellis
528 1781 613 1842 nulli
630 1798 698 1844 non
713 1781 818 1843 videri
834 1780 988 1859 poterat),
1006 1777 1126 1840 deinde
1151 1783 1298 1840 mentem
1325 1779 1399 1856 ejus
1421 1779 1455 1839 in

229 1881 399 1942 insontem
428 1881 645 1942 miseratione
674 1879 960 1958 permovendam;
986 1876 1103 1940 suadet
1133 1877 1234 1938 etiarn
1263 1877 1294 1937 ei
1320 1880 1358 1939 ut
1386 1895 1457 1938 rem

229 1978 407 2055 diligenter
422 1981 616 2055 cognoscat,
635 1981 679 2054 et,
698 1979 890 2056 integritate
905 1980 1023 2056 poetae
1039 1979 1222 2055 comperta,
1239 1975 1456 2038 innocentem

228 2078 263 2137 in
289 2077 427 2138 tutelam
452 2077 612 2139 audacter
636 2079 749 2138 sumat
769 2079 803 2138 et
824 2074 867 2137 ab
889 2073 1116 2154 improborum
1141 2073 1322 2135 insolentia
1347 2077 1456 2136 tutum

229 2177 387 2254 praestet.

267 2273 500 2334 Innocentiam
516 2289 614 2335 suam
630 2271 732 2335 simul
748 2291 786 2334 ac
802 2271 1002 2334 tabellarum
1017 2271 1175 2332 meritum
1186 2269 1265 2352 (quo
1281 2269 1454 2332 meliusad

228 2370 407 2448 legendum
435 2370 618 2434 adduceret
648 2369 852 2451 Eutychum)
878 2372 1012 2449 poetam
1035 2369 1070 2429 in
1095 2366 1220 2431 fabella
1248 2385 1264 2428 r
1289 2374 1387 2430 Artas
1411 2373 1455 2432 ad

229 2473 443 2544 Amatorem
460 2493 474 2526 »
495 2467 591 2550 (Hav.
607 2470 658 2549 lt)
674 2468 838 2546 arguisse,
851 2485 892 2532 ex
908 2466 1094 2548 epimythio
1111 2469 1249 2548 apparet
1267 2485 1273 2528 :

475 2655 560 2703 Anus
572 2651 668 2716 jacere
682 2650 757 2702 vidit
772 2655 889 2716 epotam
904 2650 1087 2713 amphoram,

476 2731 580 2784 Adhuc
595 2731 716 2784 Falerna
730 2731 809 2782 faece
826 2731 882 2794 e[x]
898 2734 974 2782 testa
988 2729 1080 2780 nobili

477 2811 601 2866 Odorem
616 2824 691 2876 quae
703 2809 868 2876 jucundum
882 2812 940 2862 late
955 2814 1112 2874 spargeret.

477 2895 561 2944 Hunc
577 2896 732 2956 postquam
748 2891 818 2943 totis
833 2889 918 2942 avida
933 2889 1025 2942 traxit
1038 2889 1160 2942 naribus
1176 2905 1182 2938 :

476 2973 499 3025 O
516 2973 616 3024 suavis
631 2970 748 3024 aalma!
765 2970 852 3035 quale
867 2971 918 3035 [in]
935 2975 964 3023 te
978 2969 1073 3022 dicam
1089 2971 1197 3021 bonum

477 3049 609 3100 Antehac
623 3049 724 3113 fuisse,
741 3053 815 3104 tales
831 3064 896 3102 oum
913 3051 973 3102 sint
988 3050 1150 3114 reliquiae?

475 3131 553 3194 Htotc
567 3145 618 3194 quo
631 3133 765 3196 pertineat
780 3133 847 3182 dicct
862 3133 909 3196 qui
921 3145 962 3180 me
976 3132 1088 3180 noverit.

267 3355 330 3416 Hic
345 3355 494 3416 Phaeder
510 3371 588 3427 non,
606 3361 643 3418 ut
659 3356 760 3432 vulgo
781 3356 938 3428 creditur,
957 3357 1079 3436 primas
1104 3374 1184 3419 suas
1209 3356 1351 3420 fabellas
1375 3376 1452 3421 cum

228 3455 413 3514 recentiore
439 3452 525 3515 libro
548 3452 678 3516 confert
705 3475 712 3514 :
739 3472 820 3516 num
842 3459 950 3534 poeta,
968 3473 1036 3536 quo
1061 3459 1211 3536 tempore
1235 3457 1367 3537 Aesopo
1384 3475 1451 3520 non

228 3552 327 3613 modo
343 3552 506 3616 aemulari
523 3569 560 3614 se
574 3551 806 3631 profitebatur,
818 3553 877 3615 sed
893 3556 993 3616 etiam
1004 3553 1162 3634 sperabat
1172 3553 1242 3616 iore
1255 3559 1293 3616 ut
1302 3557 1451 3618 antecel-

227 3650 319 3722 leret,
339 3650 446 3728 potuit
467 3650 590 3728 primas
611 3668 691 3712 suas
715 3648 856 3712 fabellas
881 3669 923 3713 ex
948 3652 1014 3712 alio
1035 3656 1188 3732 sumptas
1212 3654 1318 3731 pluris
1341 3653 1451 3716 lacere

227 3765 328 3828 quam
342 3745 483 3809 fabellas
509 3764 616 3828 nuper
639 3749 790 3829 scriptas,
809 3766 952 3828 quarum
977 3749 1098 3811 multas
1121 3753 1152 3812 et
1179 3751 1250 3830 ipse
1275 3751 1403 3814 invenit
1419 3756 1452 3814 et

228 3846 362 3927 proprio
376 3847 512 3908 nomine
526 3850 674 3924 signatas
691 3847 958 3910 commendavit?

265 3945 346 4006 Vult
362 3945 398 4006 L.
415 3945 524 4006 Havet
540 3945 735 4026 (praeeunte
751 3945 915 4020 Loebker,
932 3951 973 4010 N.
990 3950 1108 4008 Jahrb.
1125 3951 1153 4021 s.
1171 3951 1292 4012 Potior.
1309 3949 1349 4010 ll
1364 3966 1451 4010 anno

228 4045 302 4106 totio
324 4061 355 4122 p.
379 4041 448 4122 301)
475 4066 488 4097 «
515 4047 659 4122 epotam,
688 4041 745 4105 sed
769 4047 932 4105 memoria
951 4045 1137 4123 jucundam
1162 4064 1177 4104 o
1205 4045 1451 4122 significavisse

226 4139 411 4202 Phaedrum
428 4159 443 4200 r
462 4139 652 4202 libertatem
667 4140 838 4220 publicam
855 4167 883 4202 o.
902 4145 942 4204 At
959 4161 1045 4224 quae
1054 4141 1218 4207 libertatis
1235 4169 1248 4198 (ι
1262 4145 1449 4224 reliquiae»

226 4238 366 4300 Phaedri
393 4237 605 4320 temporibus
632 4241 839 4302 extiteruntr
863 4243 930 4303 Aut
958 4241 1040 4320 quid
1065 4240 1105 4302 ad
1131 4246 1244 4322 ipsum
1263 4243 1451 4305 Phaedrum

225 4335 280 4412 (of.
299 4355 329 4398 r.
346 4337 376 4416 7)
393 4340 524 4416 spectat
540 4340 610 4399 tota
626 4335 751 4399 labella
766 4338 815 4399 sic
835 4338 1026 4417 explicata?

264 4435 338 4495 Una
353 4433 434 4496 mihi
450 4434 583 4498 videtur
598 4436 831 4515 interpretatio
846 4453 923 4498 cum
945 4435 1069 4499 fabella
1084 4442 1153 4500 tota
1168 4439 1358 4519 ceterisque
1373 4438 1450 4501 libri

225 4531 618 4614 partibusconsentanea
640 4556 646 4594 :
665 4535 755 4614 cupit
774 4535 924 4597 Phaeder
949 4535 1086 4609 doctum
1112 4554 1211 4598 suum
1233 4536 1383 4600 laborem
1407 4537 1450 4599 ab

225 4630 379 4712 Eutycho
407 4631 532 4708 perlegi
562 4631 831 4708 diligentissime,
859 4650 962 4714 seque
985 4633 1169 4714 praedicari
1194 4639 1327 4715 poetam
1352 4652 1448 4712 egre-

225 4729 314 4805 gium
330 4729 428 4791 simul
444 4735 542 4810 atque
557 4731 668 4792 virum
680 4731 843 4811 optimum
861 4752 867 4792 :
884 4731 1050 4809 significat
1060 4733 1162 4810 igitur
1174 4748 1250 4794 eum
1261 4733 1318 4814 qui
1330 4751 1449 4796 versus

225 4829 362 4890 aeterna
377 4827 537 4890 memoria
562 4827 681 4904 dignos
706 4829 888 4910 scripserit,
905 4828 959 4910 (cl.
984 4831 1030 4892 Ill
1054 4831 1139 4892 Prol.
1167 4831 1252 4893 Har.
1277 4831 1327 4906 44,
1345 4833 1448 4896 3-2-
