3636 5652
806 533 886 578 PARS
908 532 1095 578 rosraalon.

522 676 675 728 Dictorum
690 687 797 727 sensus
813 679 846 726 ut
862 675 988 728 delectet
1003 675 1141 739 varietas,

519 757 613 808 Bonas
628 754 660 807 in
674 759 771 822 partes
787 755 877 809 lector
891 754 1018 819 accipias
1031 754 1130 808 velim.

1172 855 1238 909 (Prot.
1253 877 1277 886 -
1293 854 1349 897 Har.
1362 853 1396 908 33,
1411 854 1481 908 8-11.)

520 1069 664 1132 Quoniam
679 1074 834 1132 occuparat
847 1070 922 1120 alter
936 1069 988 1133 [ut]
1005 1068 1117 1134 primns
1133 1068 1216 1131 foret,

519 1150 579 1212 Nic]
594 1149 666 1199 sotus
680 1155 743 1199 esset
756 1148 877 1212 scoriali,
892 1148 969 1214 quod
984 1148 1136 1212 superfuit.

521 1233 577 1282 Nec
594 1229 685 1293 hlalec
701 1227 822 1290 invidia,
837 1241 938 1279 verum
954 1233 1000 1280 est
1014 1229 1187 1292 [clemutotio.

520 1309 601 1373 Quod
617 1309 642 1360 si
658 1308 750 1361 labori
763 1308 888 1373 iavarlilt
904 1308 1021 1361 Latium
1039 1322 1115 1371 meo,

521 1389 613 1440 Plures
628 1387 733 1440 habebit
747 1403 811 1454 quos
826 1395 944 1454 opponat
958 1388 1115 1453 Gricleciae.

1289 1469 1356 1522 (Har.
1369 1471 1408 1523 li,
1419 1471 1479 1520 5-9.)

521 1684 550 1734 si
566 1683 681 1747 Phrlyix
697 1688 830 1748 Aesopus
846 1683 949 1747 potuit,
965 1684 1160 1748 Anacharslils
1175 1684 1317 1748 Scythiels

520 1762 698 1828 [Aleternam
713 1763 820 1816 lamam
833 1763 957 1816 condere
970 1764 1088 1828 ingcuio
1104 1764 1197 1829 sulis]‚

521 1848 590 1910 Ego,
606 1844 750 1897 litteratae
765 1844 816 1909 qui
831 1857 898 1896 sum
914 1844 1050 1910 prolpllor
1065 1845 1209 1906 Graeciae,

520 1930 576 1980 Cur
592 1938 694 1977 somno
709 1925 796 1976 inerti
811 1924 943 1977 deseram
958 1925 1068 1990 patriae
1083 1925 1194 1978 decus‘t
1199 1962 1268 1976 .....

522 2008 596 2070 Ergo
611 2006 680 2057 hinc
693 2006 804 2068 abesto,
820 2006 926 2070 li[v]or‚
943 2018 980 2058 ne
992 2007 1103 2058 trustra
1117 2018 1229 2070 gemae,

523 2087 638 2150 Quo[m]
650 2087 710 2151 jam
724 2085 799 2138 mihi
814 2086 966 2139 sollemnis
982 2085 1141 2151 d[a]b[iltur
1154 2084 1257 2151 gloria.

1151 2185 1219 2240 (Epil.
1231 2207 1257 2220 ι·
1270 2185 1327 2228 ilar.
1340 2185 1374 2236 le,
1387 2186 1414 2228 28
1423 2188 1482 2240 sqq.)

337 2401 469 2478 deinde,
484 2403 519 2463 in
539 2401 765 2464 calamitatem
783 2418 802 2462 a
822 2401 945 2482 Sejano
964 2401 1138 2482 conjectus
1159 2403 1192 2464 et
1211 2400 1356 2464 invidiae
1377 2402 1558 2465 mullorum

336 2497 523 2574 obnoxius,
547 2497 679 2563 fabulas
702 2516 806 2562 novas
826 2500 955 2562 secreto
971 2497 1059 2580 (vide
1079 2516 1182 2579 supra
1200 2502 1329 2580 partem
1348 2497 1506 2580 priorem)
1526 2503 1561 2562 ut

339 2597 488 2660 dolorem
506 2615 605 2661 suum
620 2597 792 2672 deleniret,
808 2598 1009 2676 composuit.

523 2784 604 2848 Quod
618 2785 664 2848 sii]
679 2793 819 2836 accusator
831 2785 900 2834 atius
912 2785 1011 2850 Sejcno
1025 2784 1103 2846 soret,

523 2865 552 2917 Si
568 2865 654 2917 testis
669 2864 755 2925 alius,
772 2865 861 2931 judex
876 2864 954 2917 alius
970 2864 1105 2930 donique,

524 2945 653 3010 Dignum
669 2946 773 2998 iaterer
790 2958 855 2998 esso
869 2958 916 2997 mc
935 2945 1026 2997 tantis
1041 2944 1136 3008 malis,

523 3028 577 3078 Nee
590 3027 633 3076 his
647 3026 765 3077 dolorem
781 3025 964 3090 dlelllelrrr'rem
976 3026 1108 3076 remediis.
1168 3025 1173 3037 “

1272 3125 1351 3176 (ibid,
1366 3137 1386 3168 v,
1398 3125 1479 3168 lr-ion

377 3341 495 3419 Itaque
524 3341 672 3403 ostendit
699 3342 734 3403 in
763 3339 886 3403 fabella
916 3364 930 3398 κ
954 3344 1136 3412 Juoencrm,
1170 3345 1232 3405 Leo
1262 3343 1292 3403 et
1321 3340 1511 3406 Praedator
1542 3364 1557 3397 »

338 3437 434 3518 (Har.
453 3437 503 3518 34)
517 3439 679 3502 modestis
693 3437 748 3518 (ci.
766 3440 852 3501 Prol.
872 3459 878 3498 :
896 3440 925 3501 si
940 3438 1075 3501 libuerit
1090 3444 1218 3515 atterrid
1233 3439 1480 3522 interpone[re])
1497 3441 1558 3501 tri-

337 3535 511 3599 buendum
523 3555 597 3599 csse
610 3537 682 3616 plus
693 3539 793 3598 etiam
803 3555 903 3618 quam
915 3538 1069 3616 petierint
1082 3536 1132 3618 (ci.
1148 3538 1233 3600 Prot.
1248 3539 1375 3599 :Bonas
1385 3539 1421 3599 in
1432 3540 1556 3618 partea

338 3635 453 3724 lector,
471 3637 619 3716 accipias
635 3634 757 3717 velim).
773 3637 823 3698 Ad
839 3635 1037 3707 Phaedrum,
1055 3637 1177 3716 Aesopi
1194 3637 1395 3699 imitatorem
1406 3641 1439 3698 et
1450 3654 1561 3700 aemu-

339 3734 419 3810 lum,
437 3733 520 3797 haec
535 3734 702 3813 pertinent
720 3753 726 3794 :

896 3868 959 3918 Non
976 3872 1022 3919 est
1037 3868 1135 3932 qulold
1153 3868 1255 3920 timeas

603 3949 677 4012 Elui,
695 3960 771 4012 quac
788 3947 910 4000 debetur
928 3961 993 4013 pars
1009 3954 1075 4000 tuae
1092 3947 1262 4010 modestiae,

600 4027 768 4092 Auldlacter
781 4028 859 4081 tolle.

1363 4115 1409 4160 (vr.
1422 4107 1480 4161 7-9.)

377 4328 576 4398 Ουαιῐιῑνθ-νο
592 4343 669 4387 cum
685 4326 774 4406 piget
789 4324 879 4406 quod
896 4322 1055 4402 aequales
1071 4337 1150 4384 suos
1167 4324 1287 4385 Leonis
1299 4323 1467 4403 justitiam
1482 4325 1558 4385 imi-

337 4426 400 4486 tari
425 4442 543 4504 parum
567 4428 702 4502 paralos
724 4423 845 4494 videat,
868 4423 1014 4484 honores
1034 4418 1194 4482 divitibus
1213 4421 1295 4496 dari,
1319 4420 1382 4483 sibi
1406 4423 1556 4502 pauperi,

339 4522 492 4604 quamvis
507 4521 668 4597 modeste,
686 4521 827 4599 gloriam
842 4519 989 4583 debltam
1005 4518 1171 4594 denegari.

585 4657 756 4720 Exemplum
773 4655 921 4719 egregium
938 4665 1055 4718 prorsus
1070 4658 1099 4704 et
1115 4652 1279 4713 laudabile;

587 4740 697 4790 Verum
715 4741 761 4788 ast
776 4734 903 4787 aviditas
919 4733 1001 4786 dives
1017 4738 1046 4786 et
1059 4745 1168 4798 pauper
1183 4733 1283 4798 pudor.

1336 4833 1382 4884 (vv.
1395 4831 1477 4886 uas.)
