3636 5652
341 515 380 580 ‘il
851 534 932 582 raas
954 532 1060 580 rnron.

342 679 460 755 lineae,
478 679 639 758 posterior
653 680 694 751 X,
713 697 732 740 a
753 695 819 759 quo
840 677 981 740 defluxit
1006 678 1040 755 Ρ,
1059 677 1165 740 lineas
1189 678 1336 740 tricenas
1358 676 1565 757 quaternas)

341 776 462 840 deinde
478 777 764 840 emendandarum
780 775 953 838 turbarum
968 776 1105 856 quaein
1125 778 1155 838 X
1169 774 1315 847 fuerunt,
1332 772 1465 836 duobus
1479 791 1562 836 con-

342 875 445 937 tinuis
459 873 549 938 loliis
563 874 651 937 inter
667 892 703 936 se
719 874 947 937 commutatis.
969 875 1129 954 Reliquae
1151 871 1271 936 turbae
1283 873 1353 952 jam
1376 870 1513 934 fuerunt
1528 872 1564 933 in

334 973 379 1047 Υ,
396 971 454 1036 ubi
470 990 538 1036 nen
554 973 653 1035 modo
669 974 774 1036 series
789 971 999 1049 undeviginti
1014 968 1205 1033 fabularum
1228 989 1246 1034 e
1262 969 1346 1032 libro
1363 969 1514 1034 seeundo
1528 969 1563 1031 iu

341 1069 465 1132 librum
479 1071 626 1150 primum
641 1071 804 1134 translata
819 1073 878 1140 est,
897 1068 957 1133 sed
972 1071 1073 1132 etiam
1089 1068 1155 1130 duo
1170 1069 1331 1130 continua
1352 1065 1443 1143 iolla,
1461 1066 1563 1148 epilo-

340 1185 419 1246 gum
436 1169 481 1230 lli
497 1173 531 1231 et
546 1169 722 1248 prologum
736 1169 781 1230 lv
801 1166 971 1244 habentia,
988 1168 1021 1228 in
1036 1164 1123 1230 falso
1147 1166 1221 1228 loeo
1246 1165 1446 1245 interposita
1467 1169 1560 1242 sunt,

341 1283 383 1327 ex
399 1282 467 1345 quo
481 1265 671 1327 voluntario
686 1283 797 1329 errore
813 1267 877 1328 orti
893 1268 972 1329 suut
988 1265 1083 1327 multi
1100 1265 1156 1327 alii
1171 1280 1308 1334 errores,
1327 1265 1373 1326 ita
1388 1268 1424 1326 ut
1440 1262 1482 1325 de
1494 1265 1560 1326 ter·

331 1363 440 1426 ‚minis
453 1361 530 1426 libri
547 1363 591 1424 IV
606 1363 696 1425 inter
710 1364 802 1426 viros
815 1363 933 1425 doctos
957 1361 1067 1426 adhuc
1086 1379 1204 1443 parum
1225 1362 1368 1423 constet.
1390 1360 1465 1422 Una
1490 1377 1561 1423 res-

343 1459 434 1523 tabat
450 1462 504 1522 via
526 1460 568 1523 ad
591 1458 803 1523 enodandam
833 1461 1067 1542 quaestionem
1096 1460 1283 1538 rectissima
1306 1462 1338 1520 et
1363 1457 1559 1534 certissima,

340 1562 377 1620 ut
401 1559 527 1639 duplici
543 1559 672 1621 ratione
697 1577 778 1622 usus
803 1559 926 1640 aliquis
949 1574 1028 1621 oum
1051 1556 1184 1619 indiciis
1213 1555 1366 1619 codicum
1395 1554 1562 1618 conferret

340 1654 517 1732 diligenter
539 1673 682 1719 excussa
705 1674 745 1718 ea
768 1674 857 1737 quae
881 1657 922 1720 de
953 1656 1095 1733 singulis
1122 1654 1215 1719 libris
1240 1656 1312 1734 ipse
1342 1657 1438 1734 poeta
1467 1654 1560 1729 dixit,

340 1754 485 1816 maxime
512 1754 547 1814 in
578 1754 726 1834 prologis
754 1758 787 1816 et
814 1754 848 1816 in
877 1754 1027 1834 epilogis,
1064 1755 1170 1825 Quam
1205 1769 1278 1832 ego
1295 1755 1444 1826 secutus,
1474 1751 1561 1814 duce

341 1851 377 1913 L.
395 1851 504 1912 Havet
526 1850 561 1916 in
582 1851 816 1931 computandis
831 1851 941 1924 lineis
959 1855 991 1914 el
1005 1853 1189 1928 genuinum
1204 1849 1357 1915 ordinem
1371 1847 1562 1911 tabularum

341 1947 475 2012 confido
490 1965 543 2012 me
567 1950 771 2024 restituisse,
788 1954 821 2012 et
844 1949 930 2013 libro
951 1967 1049 2013 suum
1072 1950 1196 2029 cuique
1220 1947 1367 2010 colorem
1390 1947 1559 2027 proprium

341 2046 509 2109 redditum
524 2046 692 2110 illustrare
709 2048 811 2110 volui.
828 2048 922 2120 Quae
940 2047 1105 2110 hactenus
1130 2045 1307 2126 explicatis
1330 2049 1462 2108 tautum
1480 2062 1559 2126 pro-

339 2145 430 2223 logis,
445 2149 478 2209 et
493 2145 633 2226 epilogis
651 2144 848 2209 brevissime
868 2147 1021 2226 exposui,
1039 2163 1079 2208 ea
1097 2162 1189 2206 nunc
1209 2145 1303 2225 ipsae
1328 2141 1463 2218 fabulae
1486 2141 1561 2205 dili-

343 2247 462 2322 genter
477 2248 672 2325 perspectae
688 2242 946 2306 confirmabunt.
1532 2319 1536 2326 Ι

382 2341 447 2404 Sed
475 2343 672 2422 priusquam
699 2340 740 2402 de
776 2357 879 2412 sensu
915 2338 1106 2403 fabularum
1141 2336 1314 2401 recondito
1350 2336 1560 2409 disserimus,

340 2440 457 2502 censui
473 2436 660 2502 addendam
675 2455 750 2501 esse
768 2437 913 2502 tabulam
928 2439 962 2500 in
978 2455 1044 2518 qua
1064 2434 1178 2498 videre
1193 2437 1257 2498 erit
1271 2434 1398 2499 codicis
1415 2437 1439 2496 P
1452 2453 1555 2498 cons·

344 2541 480 2618 pectum
495 2538 704 2600 universum.

341 2801 423 2864 (trem
436 2801 455 2864 l)
525 2803 536 2851 1
555 2802 628 2854 Fedri
644 2803 749 2866 Anpnell
762 2803 847 2853 liter-tl
862 2802 903 2853 ltt.
919 2801 1077 2867 satutarnm¹
1095 2802 1209 2866 (Aesopus
1227 2801 1351 2861 auctor...)

419 2889 421 2894 “
525 2883 681 2948 2anueet
698 2882 785 2948 Annae

524 2964 539 3014 3
556 2965 642 3014 Ranae
653 2977 738 3026 renem
750 2964 880 3028 petierant

526 3044 541 3094 l
559 3041 682 3094 Graculus
695 3044 815 3108 rapertus
830 3046 855 3094 et
871 3045 938 3094 Paeo

525 3123 541 3172 5
559 3121 636 3175 Canis
646 3138 693 3188 per
710 3123 814 3186 flavium
826 3138 927 3174 carnem
941 3125 1028 3187 ferens

527 3205 542 3254 6
563 3205 676 3257 Vaccaei
692 3203 803 3270 Capella,
821 3189 877 3256 O'oie
893 3208 918 3254 el
930 3204 978 3254 Lea

528 3285 540 3334 'l
558 3285 646 3336 Ranae
661 3286 692 3334 ad
704 3284 789 3337 Solem

527 3365 542 3413 8
564 3365 648 3430 Vulpis
660 3366 692 3415 ad
705 3378 837 3430 personam
850 3364 974 3428 tropicam

529 3445 544 3493 a
561 3444 645 3509 dapne
660 3447 685 3495 el
698 3445 770 3498 Grais

513 3525 543 3576 10
560 3525 652 3576 Passer
666 3527 697 3576 ad
712 3526 830 3590 teporem
844 3526 990 3576 consiliator

514 3605 540 3655 11
559 3606 643 3670 Lupus
657 3609 683 3656 el
702 3605 787 3670 Vulpis
796 3606 885 3668 jndice
900 3605 980 3657 Simia

515 3687 544 3736 tt
560 3687 654 3737 Aetnae
668 3689 692 3736 el
705 3687 754 3737 tea
769 3691 888 3736 venantes

513 3766 541 3816 13
561 3763 654 3818 Carens
669 3767 701 3816 ad
715 3765 820 3817 Fontem
930 3769 934 3782 '

511 3846 541 3896 n
562 3847 646 3910 Vntpla
661 3847 792 3900 ciderunt

340 4043 424 4106 (Linea
435 4043 463 4106 11)
773 4043 854 4095 iiaere
866 4044 1007 4110 probatur...
1024 4048 1112 4108 (versus
1127 4043 1181 4106 duo)
1199 4024 1251 4034 ’-

490 4125 539 4188 (11)
557 4124 598 4174 lla
611 4129 696 4174 entare
712 4125 821 4175 medians

491 4206 538 4269 (tr)
556 4205 649 4255 Asinae
667 4205 698 4254 all
711 4219 795 4255 senem
811 4210 935 4271 pastorem

491 4287 540 4347 (13)
559 4285 614 4338 Oria
629 4289 751 4336 cerneret
767 4287 849 4351 Lupus
1330 4289 1428 4340 Fabulae
1441 4291 1464 4339 in
1478 4288 1535 4339 libro

491 4367 539 4430 (11)
558 4366 613 4418 Ovis
628 4366 702 4419 Canis
717 4372 740 4416 el
757 4368 837 4431 Lepas
1299 4371 1401 4422 secunde
1423 4369 1567 4436 reponendae

491 4449 539 4510 (15)
557 4449 647 4498 Mulier
656 4449 806 4513 parturiens.
821 4449 895 4500 Nemo
909 4449 1016 4500 libenter.
1032 4486 1037 4498 .
1052 4450 1085 4510 (N
1096 4449 1174 4510 rubra)

491 4530 541 4589 (16)
560 4528 634 4581 Canis
647 4530 789 4593 parturiens

491 4610 539 4675 (11)
559 4610 637 4661 Canes
651 4611 766 4674 familiai.
782 4611 883 4664 Stultum
898 4609 1048 4661 consilium...
1064 4611 1092 4672 (S
1105 4610 1184 4672 rubra)

375 4809 397 4859 1.
414 4797 518 4867 Litterae
535 4796 664 4865 inclinatae
682 4809 756 4865 rubro
772 4808 853 4868 colore
868 4808 892 4858 in
910 4807 929 4868 Ρ
946 4811 1041 4857 notatae
1056 4777 1121 4860 sunt.
