3612 5638
537 563 579 609 nn
600 561 824 610 ranncmnuu
846 563 949 612 seusu
972 563 1167 610 ancouniro.
1424 545 1462 609 5³

285 709 368 798 Cum
378 709 491 771 autem
505 707 633 769 metuet
647 723 690 769 ne
702 705 877 789 Eutychus
887 707 957 770 vim
969 707 1127 771 carminis
1139 707 1239 789 plane
1250 724 1319 770 uon
1330 706 1468 778 sentiat,

244 814 407 896 praecipit
431 815 473 889 ei,
497 816 532 878 in
556 813 624 878 fine
646 812 724 877 libri
749 813 843 894 (Hav.
858 814 920 895 79),
936 817 975 876 nt
990 838 1007 872 c<
1023 817 1202 892 cttttpentct⁴
1215 817 1392 878 intuentur
1406 819 1468 878 bos

244 918 366 978 nntius
383 935 395 970 ›
413 913 545 994 (iisdem
559 911 628 976 iere
643 910 754 976 verbis
772 913 806 974 in
822 913 960 994 prologo
976 930 1054 976 eum
1078 912 1120 976 ad
1144 910 1468 992 legendas'iabellas

245 1011 445 1092 induxerat),
471 1010 631 1092 laudique
654 1010 755 1074 vertit
779 1011 810 1072 ei
835 1028 935 1074 suum
956 1011 1083 1088 ingenii
1102 1027 1255 1087 acumen,
1277 1014 1351 1074 orat
1366 1011 1469 1074 etiam

245 1127 324 1173 eum
339 1113 375 1173 ut
389 1107 595 1173 beneficium
610 1112 729 1191 poetae
745 1108 950 1191 promissum
964 1107 1043 1173 dare
1058 1115 1217 1191 properet
1234 1129 1241 1171 ι

495 1296 629 1354 Quantam
645 1296 699 1349 sub
715 1296 830 1362 tittu]lis
844 1295 987 1347 utilitatem
1001 1297 1157 1362 re[p]crieci

494 1377 560 1429 Non
575 1387 690 1442 semper
703 1389 737 1429 ea
752 1381 823 1430 sunt
837 1388 911 1442 quae
925 1377 1063 1431 videntur
1077 1376 1222 1443 dlilspici3

498 1492 1081 1508 ......................................
1093 1455 1223 1522 [decipit]

494 1539 586 1589 Frons
600 1537 696 1602 prima
710 1537 837 1598 multos,
852 1552 920 1587 rara
933 1551 1007 1587 mene
1020 1536 1148 1602 intelteptt

496 1616 571 1675 Quod
585 1617 734 1682 in[t]eriore
745 1617 866 1670 condidit
879 1631 945 1667 cura
960 1617 1069 1682 anpnlo.

495 1697 550 1748 Hoc
564 1711 597 1748 ne
613 1699 736 1762 toqln'ltns
749 1699 806 1748 eine
820 1697 938 1748 mercede
951 1698 1096 1761 existimer,

495 1778 644 1833 Fabellam
658 1778 793 1842 adiciam,
808 1783 862 1832 etc.

287 2030 370 2092 Cum
385 2028 508 2093 fabulis
521 2030 588 2094 illis
602 2029 759 2093 omnibus
774 2028 997 2102 conferendos
1012 2047 1088 2093 esse
1104 2046 1229 2093 censeo
1243 2030 1368 2110 epilogi
1378 2028 1474 2091 locos

249 2128 344 2204 (Har.
382 2129 434 2209 76)
469 2127 595 2211 quibus
631 2129 782 2212 Eutycho
818 2128 968 2192 Phaeder
1001 2127 1267 2193 misericordiam
1302 2129 1474 2193 concitare
1549 2207 1553 2212 Ι

249 2231 419 2291 conatur:
735 2233 736 2240 ’

482 2368 664 2435 Languentis
678 2371 743 2422 aevi
758 2369 829 2423 dum
845 2375 915 2423 sunt
930 2370 1048 2435 aliquae
1061 2368 1213 2436 reliquiae,

481 2449 599 2502 Arrxilio
615 2449 698 2503 locus
713 2455 775 2513 est3
795 2486 1208 2504 ..........................

1241 2560 1272 2609 (v.
1286 2557 1369 2610 itt-lo.)

483 2700 613 2754 Stultum
627 2693 786 2754 admonere
799 2699 854 2754 tibi
866 2714 956 2767 praece
969 2701 1043 2765 exist
1046 2701 1139 2766 timot,

1280 2811 1312 2861 (v.
1325 2809 1369 2864 10»)

482 2942 615 2995 Proclivis
630 2941 701 2994 ultro
716 2943 799 3009 [ψη
813 2943 848 2994 sit
861 2941 1068 3005 misericor-dim

483 3025 595 3090 Sta]epe
610 3023 779 3088 impetravit
793 3023 910 3075 ueniam
924 3021 1076 3076 confessus
1090 3033 1174 3085 reus,

482 3106 598 3168 Quanto
612 3105 748 3156 innocenti
758 3103 871 3169 justius
886 3103 974 3156 debet
985 3103 1056 3156 dari.

1234 3212 1266 3262 (v.
1278 3211 1367 3263 21-23.)

291 3455 338 3516 Ab
360 3451 523 3533 imprimis
549 3452 585 3514 in
613 3452 867 3515 narratiuncula
890 3455 929 3518 to
960 3451 1098 3515 «Poeta
1119 3456 1160 3515 de
1183 3457 1323 3516 credere
1351 3455 1382 3516 et
1409 3471 1477 3517 non

251 3558 391 3616 credere
409 3570 425 3613 ι
440 3549 538 3630 (Has.
555 3551 870 3633 tucianensem
893 3567 991 3614 suam
1006 3551 1183 3614 constituit
1199 3570 1206 3612 ε
1223 3568 1325 3632 quam
1348 3554 1381 3614 et
1404 3551 1479 3616 lon·

252 3653 326 3729 gius
354 3648 510 3712 consulto
538 3648 646 3724 duxit,
675 3651 707 3711 et
736 3648 995 3726 diligentissimo
1024 3648 1103 3711 stilo
1135 3650 1310 3724 exaravit;
1345 3650 1480 3728 singula

252 3748 399 3829 denique
425 3745 460 3810 in
484 3764 524 3809 ea
543 3747 591 3809 ita
615 3746 785 3828 disposuit
808 3749 846 3810 ut
869 3745 1059 3828 Eutychum
1074 3745 1235 3822 alliceret,
1253 3751 1476 3830 permoveret,

254 3849 395 3928 raperet.

293 3945 326 4008 Si
355 3943 454 4007 modo
485 3943 648 4007 attentius
676 3941 834 4007 tabellam
857 3941 1044 4006 intueberis
1068 3947 1101 4006 et
1122 3961 1201 4008 eum
1230 3943 1362 4025 reliquo
1389 3941 1477 4007 libro

253 4040 478 4124 comparabis,
494 4041 563 4103 vim
578 4040 738 4104 carminis
763 4041 966 4121 peculiarem
992 4042 1127 4118 senties,
1144 4059 1255 4123 neque
1269 4041 1361 4104 aliud
1377 4060 1478 4124 quam

254 4144 372 4220 poetae
395 4139 548 4220 proprios
572 4139 711 4202 affectus
734 4139 769 4202 in
793 4157 867 4203 eam
892 4140 1069 4203 translatos
1094 4138 1253 4206 facillime
1276 4142 1476 4220 comperies,

256 4241 438 4302 Praecavet
461 4239 550 4300 enim
575 4239 725 4302 Phaeder
749 4256 791 4301 ne
812 4237 986 4320 Eutychus
1004 4239 1045 4301 de
1066 4257 1102 4303 se
1121 4243 1155 4302 et
1174 4240 1391 4302 accusatione
1416 4258 1479 4302 sue

256 4341 381 4400 temere
394 4336 533 4419 judicet,
552 4353 636 4399 neve
651 4339 828 4400 veritatem
845 4334 927 4400 satis
943 4339 1105 4417 exploret.
1132 4338 1167 4400 ld
1190 4342 1228 4401 ut
1251 4336 1386 4417 efficiat,
1410 4357 1478 4419 qua

257 4453 338 4500 cura
352 4453 430 4499 eum
445 4440 641 4516 praemonet
656 4439 690 4498 et
704 4441 808 4514 rogat,
826 4437 912 4499 utin
928 4436 1067 4516 prologo
1082 4435 1171 4512 libri,
1189 4438 1240 4500 sio
1254 4438 1290 4500 in
1304 4439 1478 4519 prooemio

255 4531 398 4598 tabellae
426 4535 494 4615 (vv.
524 4532 602 4614 1-8),
627 4538 665 4597 ut
691 4535 726 4596 in
754 4534 897 4618 epilogo,
929 4535 979 4598 sio
1007 4537 1042 4599 in
1068 4535 1230 4599 orationis
1260 4535 1479 4601 conclusione

256 4633 318 4713 (vv.
344 4633 468 4712 tii-58).
492 4631 578 4694 Vere
602 4632 822 4724 enimkworatio
851 4633 918 4696 diei
940 4636 1052 4714 potest
1074 4634 1160 4696 haec
1183 4631 1316 4704 fabella,
1346 4651 1478 4696 summa

257 4733 327 4793 arte
343 4734 378 4793 ot
390 4729 501 4792 studio
516 4725 789 4810 composititiam
809 4748 876 4811 qua
892 4730 996 4794 ,docet
1013 4731 1203 4814 Eutychum
1228 4749 1306 4794 cum
1330 4733 1365 4794 in
1386 4732 1479 4794 omui

257 4846 293 4892 re
308 4832 381 4891 tum
394 4827 495 4891 etiam
510 4829 546 4891 in
561 4829 729 4908 praesenti
740 4833 889 4910 tempore
903 4830 1014 4895 levius
1025 4829 1191 4911 iudicium
1201 4847 1278 4893 esse
1289 4828 1476 4893 vitandum.
1501 4889 1504 4896 .
