3612 5638
368 484 406 548 80
822 503 903 549 raus
925 503 1115 551 rosrnurou.

367 642 456 706 vires
471 642 649 723 languidas
665 662 682 706 1
697 645 741 726 (v.
761 646 803 726 8),
821 645 1008 708 Phaedrum
1025 645 1207 724 significari
1228 648 1347 728 opinor
1368 648 1439 729 jam
1463 666 1590 724 senem,

367 738 581 824 fervidosque
596 743 783 806 imitatores
798 761 840 805 ne
857 745 1093 824 comprimeret
1109 749 1333 808 recusantem.

408 839 487 903 l'ab.
507 841 544 904 13
561 841 641 922 (116)
660 865 673 896 t
691 846 846 918 Aesopus
862 843 894 906 et
915 844 1217 920 Victorppmntous
1233 868 1247 899 1
1264 845 1298 905 11
1315 861 1393 925 qua,
1410 848 1448 907 ut
1468 846 1503 907 in
1518 847 1547 907 V
1562 848 1591 923 1,

367 953 426 999 111
441 936 570 1000 deridet
585 939 640 1019 qui
655 955 743 1002 vano
760 955 925 1002 successu
941 939 1138 1018 gloriantur.

408 1032 487 1096 Fab.
508 1037 545 1098 11
560 1033 643 1116 (117)
661 1055 676 1097 t
691 1041 820 1100 Astarte
834 1037 867 1100 et
880 1041 976 1112 Lura
993 1061 1020 1112 1,
1048 1055 1115 1118 qua
1139 1037 1250 1099 illudit
1274 1040 1310 1100 iu
1332 1041 1463 1120 eosqui
1479 1042 1594 1104 Musas

366 1132 476 1194 colere
492 1136 658 1195 conantur
672 1133 811 1196 omnino
826 1134 963 1197 indocti.
983 1135 1142 1197 Similiter
1156 1135 1191 1198 11
1205 1137 1235 1197 V
1249 1138 1277 1198 1.

406 1228 486 1292 Fab.
505 1232 536 1294 31
557 1229 640 1311 (131)
658 1250 673 1292 ‹
689 1235 824 1306 Papttto
839 1234 870 1294 et
891 1236 999 1310 Vespa
1020 1254 1026 1293 :
1051 1250 1117 1295 nou
1140 1233 1212 1294 vult
1230 1234 1393 1297 humilem
1409 1235 1473 1300 sibi
1489 1237 1593 1314 origi-

366 1344 443 1388 nem
460 1328 542 1390 vitio
560 1329 656 1401 verti,
672 1327 730 1390 sed
746 1333 957 1410 praesentem
974 1330 1115 1407 gloriam
1131 1332 1255 1412 respici
1271 1350 1278 1393 :

583 1533 676 1586 «Non
690 1533 741 1597 qul
755 1533 906 1598 fuerimus,
924 1533 975 1585 sod
991 1533 1042 1599 qut
1058 1547 1138 1586 nuno
1154 1535 1247 1586 simus
1264 1535 1338 1588 vide.
1355 1552 1369 1584 »

1396 1637 1429 1686 (v.
1442 1636 1487 1689 10.)

406 1849 592 1912 Frustulam
606 1849 624 1912 6
640 1846 724 1927 (103)
737 1865 839 1928 quam
855 1847 896 1908 ad
916 1847 1052 1910 eosdem
1072 1849 1239 1928 pertinere
1262 1849 1366 1926 dicas,
1393 1849 1594 1913 fabellarum

370 1947 555 2009 imitatores
570 1951 602 2009 et
616 1947 807 2026 plagiarios,
826 1946 884 2026 qui
899 1944 965 2008 fab.
982 1947 1012 2007 V
1027 1947 1044 2008 3
1060 1946 1253 2010 deridentur
1271 1966 1277 2008 :

582 2141 724 2194 Simulata
738 2141 885 2194 interdum
901 2142 1027 2205 [meritis
1043 2149 1164 2205 prosunt
1178 2142 1360 2204 hominibus,

583 2222 636 2274 Sed
653 2227 781 2286 tempore
797 2223 860 2286 ipso
878 2227 978 2273 tamen
992 2228 1113 2286 apparet
1131 2223 1247 2274 veritas.
1258 2235 1264 2240 ¹·

406 2448 485 2510 Fal).
503 2449 638 2529 11(1·17)
654 2472 669 2502 «
689 2425 802 2511 Corne
816 2451 972 2522 fractum
987 2470 1002 2502 »
1019 2432 1054 2508 in
1073 2443 1356 2528 eosdem'scripta.

661 2636 760 2685 Pastor
774 2633 900 2698 capellae
915 2647 998 2682 corna
1014 2633 1118 2684 baculo
1131 2632 1250 2698 peperat
1258 2650 1267 2694 ,-

660 2715 770 2776 Rogare
786 2713 901 2776 e[otepit
916 2725 953 2764 ne
969 2725 1001 2763 se
1014 2711 1134 2763 domino
1152 2713 1294 2777 proderet.

661 2793 799 2856 Quamvis
814 2794 925 2856 indigne
940 2793 1032 2855 dalcae
1046 2792 1156 2842 reticebo
1172 2797 1285 2854 tamem

661 2874 715 2924 Sed
732 2885 777 2924 res
792 2871 932 2924 clamabit
948 2872 1013 2936 ipsa
1027 2872 1098 2935 quid
1113 2871 1280 2936 deliqueris,
1297 2888 1310 2920 »

405 3110 593 3191 Apologum
618 3109 635 3169 7
660 3107 742 3188 (110)
768 3132 782 3162 <t
799 3113 847 3170 De
867 3111 987 3182 poenis
1010 3110 1207 3181 inferorum
1230 3131 1245 3164 »
1269 3124 1390 3170 sereno
1419 3113 1453 3170 et
1482 3126 1592 3189 aequo

366 3211 477 3269 auimo
494 3207 735 3286 couscriptum,
751 3207 785 3266 11
800 3223 867 3286 quo
884 3224 925 3267 ne
941 3206 1051 3267 avaris
1065 3206 1200 3286 quidem
1211 3205 1281 3286 jam
1297 3207 1456 3268 irascitur
1473 3226 1479 3261 ε

630 3383 710 3446 Quod
726 3388 810 3434 stans
821 3383 853 3433 in
867 3394 955 3434 amne
970 3382 1111 3434 Tantalus
1129 3383 1225 3434 medio
1241 3384 1315 3444 sitit,

630 3465 718 3515 Avari
734 3463 950 3526 describuntur,
962 3475 1035 3527 quos
1049 3462 1224 3514 circumlinit

629 3546 706 3597 Usus
721 3544 875 3606 bonorum,
892 3543 942 3596 sed
957 3542 1031 3594 nihil
1046 3548 1171 3606 possunt
1188 3549 1317 3607 tangere.

1382 3627 1414 3675 (v.
1427 3626 1484 3676 1-9.)

405 3840 483 3906 Fab.
502 3839 539 3906 30
554 3839 638 3920 (133)
657 3864 668 3895 ι
687 3843 793 3900 Fater
807 3843 878 3899 sive
894 3839 1039 3900 Castor»
1056 3838 1166 3899 avaris
1182 3838 1282 3899 etiam
1300 3836 1501 3917 adscriptam
1518 3837 1591 3898 sine

363 3959 413 4003 111
430 3962 435 4002 ;

629 4117 689 4165 Hoc
704 4113 729 4164 si
742 4117 888 4178 praestare
903 4117 1024 4176 possent
1037 4112 1171 4163 homiues
1188 4117 1220 4163 ut
1237 4112 1312 4175 su[o]

624 4193 743 4246 Vellent
755 4205 860 4254 carere,
875 4193 933 4244 tuti
948 4191 1068 4256 posthae
1085 4193 1229 4254 viverent;

625 4273 708 4326 Haud
721 4273 877 4338 quisquam
892 4272 1016 4324 iusidias
1033 4271 1111 4322 undo
1126 4272 1234 4324 iaceret
1248 4272 1367 4337 corpori.

1359 4373 1391 4420 (v.
1404 4369 1486 4422 to-ts.)
1515 4401 1517 4406 .

401 4581 479 4644 Fal).
497 4578 612 4659 8(111)
632 4601 644 4633 ι
662 4581 861 4652 Detpttcum
876 4581 1057 4639 oracutum
1072 4593 1101 4654 1,
1119 4574 1177 4637 ubi
1193 4574 1339 4638 ostendit
1360 4592 1428 4638 uon
1449 4579 1587 4639 iracun-

360 4681 420 4743 dus
443 4679 613 4754 hominess
631 4678 787 4756 quatrivis
814 4693 833 4737 a
861 4676 932 4736 Diis
962 4678 1176 4748 moneantur,
1206 4675 1325 4755 utique
1360 4691 1434 4737 esse
1462 4673 1583 4752 malos,

359 4779 481 4842 additis
498 4776 549 4838 his
565 4775 707 4849 facetiis,
726 4773 893 4852 ambigue,
910 4773 1001 4835 haud
1015 4770 1168 4852 improbe
1187 4793 1193 4832 :
