3636 5652
548 527 590 572 nn
613 526 837 574 nnnrnnanun
860 525 966 574 snusn
987 521 1183 574 anconnrro.
1437 511 1477 576 43

294 668 447 734 Arbitror
471 670 659 734 Phaedrum
683 673 718 733 in
742 670 865 735 labella
883 695 896 726 r
915 671 1043 735 Gerous
1058 673 1106 735 ud
1118 675 1247 735 bocca»
1266 672 1359 752 (Hav.
1376 674 1425 753 ll)
1438 673 1476 737 in

252 763 442 848 qua‘arguit
455 791 467 824 ι
478 768 659 831 Dominum
671 769 782 832 videre
792 770 974 848 plurimum
984 770 1020 831 in
1029 769 1131 832 rebus
1143 769 1212 832 suis
1222 793 1248 842 r,
1262 773 1476 850 praecavisse

250 867 387 946 nequis
404 865 445 927 de
462 865 548 930 libro
565 885 627 929 suo
642 870 766 930 temere
782 867 960 946 judicaret.
982 868 1273 930 calumniantibus
1294 870 1478 950 respondet

251 981 286 1024 se
309 963 474 1042 judicium
500 963 691 1026 invidorum
717 970 750 1028 et
771 964 984 1028 indoctorum
1000 965 1083 1028 nihil
1101 984 1230 1041 curare,
1245 985 1355 1048 neque
1371 967 1475 1030 alium

251 1077 351 1139 posse
367 1061 502 1124 landem
519 1062 621 1125 libelli
638 1063 730 1144 juste
746 1065 921 1125 aestimare
937 1081 1039 1144 qnam
1055 1065 1113 1144 qui
1134 1062 1285 1126 libellum
1302 1067 1475 1147 conscrip-

250 1159 341 1220 serit.
359 1159 485 1221 Notatn
502 1161 593 1222 enim
608 1159 744 1238 dignum
760 1169 813 1222 est
827 1178 902 1223 eam
916 1161 1115 1224 sententiam
1136 1185 1148 1219 ι
1165 1162 1358 1239 Dominum,
1381 1167 1434 1226 etc
1457 1182 1472 1224 ›

250 1257 407 1319 consulto
425 1258 651 1338 praepositam
667 1277 741 1321 esse
756 1258 802 1320 illi
818 1260 893 1322 loco
909 1276 977 1341 quo
988 1259 1051 1322 sibi
1064 1260 1475 1339 vindicatpoetahonores
1525 1327 1527 1335 ,

249 1354 384 1434 Aesopo
399 1355 546 1418 tributos
562 1361 595 1420 et
610 1355 650 1420 de
665 1357 813 1420 inimicis
830 1358 901 1420 suis
916 1359 1145 1437 contemptius
1159 1358 1320 1439 loquitur.

529 1550 559 1603 Si
575 1549 671 1614 li[v]or
684 1551 868 1615 obitriectare
885 1563 985 1604 curam
1000 1550 1133 1612 voluerit,

528 1631 593 1682 Non
609 1634 708 1684 tamen
723 1631 825 1696 eripiet
839 1630 936 1684 laudis
950 1630 1170 1683 conscientiam.

1190 1727 1256 1784 (nav.
1272 1728 1305 1780 n.
1321 1727 1402 1785 to-n).

287 1946 471 2007 Veniamus
488 1961 579 2008 nunc
595 1944 636 2006 ad
650 1946 770 2008 seriem
786 1945 895 2008 llavet
907 1945 1015 2009 tt·-3n
1032 1963 1039 2006 ε
1057 1961 1154 2025 qnae,
1172 1961 1387 2026 quocumque
1399 1945 1475 2010 loco

248 2042 441 2124 reponenda
456 2045 518 2119 est,
536 2041 612 2104 libri
636 2042 776 2105 secundi
800 2041 951 2122 proiecto
975 2041 1059 2118 fuit;
1085 2043 1184 2122 cujus
1210 2044 1257 2105 rei
1278 2042 1349 2123 Jam
1373 2061 1475 2125 supra

248 2141 497 2204 demonstratae
515 2140 559 2220 (v.
579 2144 709 2220 partem
730 2140 888 2222 priorem)
903 2143 1030 2203 novum
1050 2140 1292 2204 documentum
1312 2143 1376 2205 erit
1395 2160 1474 2206 sen·

252 2256 310 2301 sus
327 2239 533 2317 singularum
548 2236 748 2302 fabellarum
761 2239 970 2301 reconditus.

287 2337 442 2401 Honores
467 2343 500 2399 et
522 2337 662 2414 gloriam
686 2337 822 2415 ingenio
846 2341 881 2400 et
904 2335 1077 2400 doctrinae
1101 2354 1176 2400 esse
1197 2335 1418 2415 tribuendam,
1435 2343 1473 2402 ut

249 2436 413 2514 epilogus,
429 2437 477 2499 ita
491 2435 617 2499 indicat
633 2439 868 2514 argumentum
882 2432 1025 2498 fabellae
1041 2434 1230 2516 deperditae
1245 2435 1342 2516 (Har,
1358 2437 1431 2519 14⁸).

482 2625 543 2676 Hac
557 2635 588 2675 re
604 2623 742 2688 probatur
756 2624 900 2686 quantum
914 2621 1051 2686 ingentem
1068 2619 1237 2686 [pollle[a]t;

481 2703 598 2756 Virtute
613 2701 730 2770 semper
744 2699 893 2767 praevalet
906 2701 1049 2766 sapientia,

206 2995 209 3000 Δ
286 2925 1472 3010 cursabettaepostpositamtabeliamtnesutoremeotcos›(naam)

245 3027 319 3106 ipse
349 3024 510 3104 Phaeder,
537 3029 577 3088 nt
603 3025 747 3098 videtur,
777 3026 982 3103 excogitavit
1008 3029 1046 3087 ut
1074 3024 1249 3088 doctorum
1277 3025 1472 3089 modestiam

245 3121 473 3205 impudentiae
490 3123 672 3186 stultorum
686 3121 792 3187 facete
806 3126 1003 3203 opponeret.
1024 3123 1109 3185 Aliis
1134 3121 1245 3186 verbis
1265 3121 1383 3186 eadem
1402 3121 1471 3187 lere

245 3222 300 3284 hic
325 3220 530 3300 significavit
553 3239 655 3304 quam
679 3223 714 3283 in
737 3219 861 3284 fabella
882 3222 990 3304 prima
1010 3226 1213 3286 «Juvencns
1227 3226 1294 3284 Leo
1309 3224 1341 3285 et
1356 3227 1469 3286 Prac-

244 3323 346 3383 (λαῖον
360 3339 376 3381 )
391 3321 489 3400 (Har.
506 3320 567 3402 34).
1037 3385 1038 3388 ,

284 3419 332 3481 De
347 3417 471 3482 fabella
484 3437 500 3479 ι
511 3424 692 3483 Astreusod
705 3436 820 3483 senem
830 3422 1009 3494 pastorem
1022 3439 1038 3477 o
1054 3415 1151 3498 (Hav.
1166 3419 1216 3500 ld)
1231 3435 1332 3499 snpra
1343 3419 1387 3500 (p.
1405 3420 1471 3499 pr.)

245 3517 505 3598 disputavimus,
521 3519 816 3599 intellegimusqne
841 3518 887 3579 ibi
911 3515 1112 3598 Phaedrum,
1130 3533 1261 3580 summa
1279 3516 1470 3579 calamitate

246 3615 420 3689 al'tlictum,
447 3616 517 3697 jam
543 3618 682 3680 minime
711 3634 827 3680 curare
859 3618 934 3679 nter
960 3613 1178 3696 imperitaret,
1210 3615 1398 3695 Sejannsne
1426 3631 1470 3678 an

245 3712 409 3778 Tiberius.

284 3809 336 3873 Ad
349 3813 506 3876 inimicos
524 3829 604 3876 suos
619 3811 808 3874 Phaedrum
824 3810 973 3876 alludere
987 3811 1022 3874 in
1037 3809 1162 3877 fabella
1177 3833 1194 3866 «
1206 3813 1284 3873 Octa
1301 3813 1428 3874 Gerous
1438 3811 1471 3872 ct

246 3914 389 3987 Lupus»
403 3910 501 3992 (Hav.
514 3913 561 3992 ll)
577 3929 638 3988 ego
653 3928 713 3991 pro
728 3913 819 3974 certo
833 3908 955 3984 habeo,
973 3908 1220 3991 primumquod
1236 3911 1470 3987 argumentum
1553 3929 1556 3936 ¹

245 4009 349 4089 pluris
362 4007 444 4072 fecit
459 4027 560 4090 qnam
576 4011 683 4090 ipsam
698 4008 860 4083 fabulam,
870 4008 906 4070 in
920 4025 988 4090 qua
1002 4006 1043 4072 de
1058 4024 1095 4071 re
1109 4008 1247 4070 omnino
1263 4024 1332 4071 non
1347 4005 1468 4070 verisi-

245 4107 315 4170 mili
339 4107 467 4186 agitur;
494 4110 667 4188 praeterea
691 4109 770 4189 qnia
786 4106 826 4170 de
842 4105 1035 4170 auctoribus
1052 4103 1254 4170 calamitatis
1269 4119 1350 4168 suae
1365 4120 1468 4181 argu-

245 4209 395 4270 mentum
410 4206 522 4288 ipsum
536 4207 679 4268 maxime
693 4205 936 4269 convenienter
952 4204 1065 4268 edidit.

384 4392 544 4446 Fraudator
557 4392 691 4445 homines
706 4405 773 4444 cum
787 4391 931 4456 aldivocat
946 4391 1107 4456 sponslum]
1124 4390 1300 4456 improbolsl,

384 4479 448 4530 Non
462 4487 524 4527 rem
538 4473 683 4540 expedire,
699 4472 750 4525 sed
764 4472 843 4525 mala
857 4471 956 4524 videre
970 4471 1091 4537 expetit.

287 4701 481 4764 Fraudator
496 4699 561 4763 dici
577 4699 762 4763 rectissime
782 4697 892 4778 potnit
911 4695 1069 4777 SeJ‘anus‚
1087 4713 1187 4778 quem
1202 4695 1237 4756 in
1256 4693 1343 4756 libro
1358 4694 1467 4774 primo

245 4803 360 4874 furem
381 4802 480 4880 poeta
498 4799 631 4861 vocavit
651 4795 731 4878 (lab.
753 4798 803 4878 7);
825 4793 968 4876 improbi
988 4797 1101 4858 antem
1119 4793 1209 4856 baud
1229 4793 1343 4871 inepte
1362 4790 1404 4853 ab
1425 4807 1464 4854 eo
