3612 5638
522 546 565 591 nn
586 545 809 592 rannnnnnun
831 544 935 590 snusn
958 543 1152 590 nscouurro.
1412 526 1446 586 ll

228 691 432 756 beneficium
449 710 488 754 ac
504 692 607 753 vitam
623 692 840 770 acceperunt3
863 706 998 770 quoque
1014 688 1163 770 apertius
1179 687 1336 752 ostendat
1350 689 1449 751 mali-

229 793 392 868 gnitatem
417 807 534 852 eorum
562 789 742 866 consciam,
766 787 838 848 vult
867 785 1107 850 documentum
1132 785 1174 849 ab
1198 787 1273 867 ipsa
1296 790 1451 867 serpente

230 888 301 952 dari
318 907 324 950 :

538 1035 552 1068 s
568 1021 609 1072 Ne
624 1018 691 1084 quis
705 1017 799 1070 discat
814 1018 949 1082 prodesse
962 1016 1111 1082 improbis.
1129 1032 1141 1065 s

267 1254 456 1318 Novissime
472 1255 507 1316 in
521 1252 646 1316 labella
660 1255 698 1316 27
715 1276 731 1309 «
748 1257 872 1316 Calvus
894 1255 926 1315 ct
950 1257 1102 1314 Musca»
1128 1251 1223 1331 (Har.
1240 1250 1293 1332 93)
1316 1256 1452 1332 propter

227 1355 316 1416 hanc
330 1355 439 1433 ipsam
453 1351 534 1414 mali
549 1352 792 1414 conscientiam
808 1350 915 1412 voluit
935 1348 1011 1412 illos
1037 1353 1202 1412 extremas
1217 1347 1296 1412 dare
1311 1365 1450 1429 poenas.

228 1453 270 1514 Ut
286 1451 408 1515 Calvus
423 1452 587 1527 Muscam,
604 1449 653 1512 sic
667 1453 768 1529 poeta
783 1448 961 1528 plagiarios
974 1448 1080 1509 iratus
1095 1445 1280 1527 alloquitur
1296 1466 1304 1510 :

443 1660 501 1694 a..
523 1643 572 1705 Te,
590 1642 728 1696 contemti
750 1643 867 1706 generis
881 1641 1030 1706 animalle]
1046 1641 1225 1706 improbum,

446 1725 519 1784 Quae
534 1723 670 1774 delectaris
684 1723 770 1775 bibere
784 1723 935 1773 humanam
948 1723 1117 1787 sanquinem,

444 1807 549 1871 Optem
562 1817 666 1858 nccare
682 1805 727 1857 vel
742 1804 852 1868 majore
867 1802 1063 1855 incommodo.
1080 1821 1091 1846 r
1310 1881 1320 1926 l

1237 1887 1270 1935 (v.
1282 1883 1309 1928 8-
1323 1883 1355 1932 0.)

267 2122 310 2183 Ut
326 2120 507 2182 consilium
521 2135 619 2181 suum
634 2117 852 2180 manifestum
867 2115 1002 2190 laceret,
1019 2116 1104 2179 baec
1118 2116 1245 2178 addidit
1262 2134 1268 2175 ε

462 2307 521 2358 Hoc
536 2308 711 2368 argumento
726 2304 763 2366 [ei
777 2303 875 2365 miodo
890 2302 995 2367 [delcet
1013 2302 1130 2356 veniam
1145 2302 1207 2354 dari

461 2386 516 2448 Qui
531 2397 601 2436 casu
615 2388 730 2448 peccat;
751 2383 843 2449 qulin]
859 2384 905 2447 qui
919 2383 1029 2433 covasilio
1044 2389 1081 2432 est
1094 2397 1200 2441 nocens,

462 2465 542 2516 litum
556 2478 608 2513 esse
623 2464 738 2528 primnis
752 2463 865 2528 dianam
882 2479 968 2528 poena
979 2464 1080 2529 judico.

268 2784 404 2846 Ceterae
428 2779 571 2842 fabellae
597 2778 730 2840 cumin
754 2775 996 2839 obtrectatores
1016 2775 1090 2838 libri
1112 2776 1166 2857 (a),
1192 2778 1264 2837 tum
1288 2775 1324 2836 in
1343 2775 1452 2854 ipsius

230 2880 373 2943 Phaedri
389 2881 637 2957 contemptores
652 2876 697 2956 (b)
713 2876 857 2954 scriptae
875 2878 967 2936 sunt.

268 2979 302 3060 a)
322 2979 398 3040 Jarn
421 2977 457 3038 in
485 2974 647 3039 fabellal
675 2996 691 3029 «
716 2979 763 3036 De
793 2977 894 3048 Vutpe
922 2975 956 3036 et
985 2978 1056 3036 Uva
1082 2998 1095 3028 »
1122 2973 1216 3052 (Hav.
1244 2973 1295 3050 80)
1319 2969 1453 3033 invidos

229 3074 358 3138 deridet
373 3079 407 3137 et
423 3075 524 3137 silere
535 3071 633 3153 jubet
648 3073 706 3152 qui
722 3069 921 3133 labellorum
936 3069 1070 3133 laudem
1091 3069 1348 3158 elevabantAd
1367 3086 1451 3150 quos

230 3178 343 3256 aperte
361 3195 367 3234 :

495 3340 545 3400 Orsi
559 3337 646 3402 facere
657 3351 725 3403 quae
738 3352 792 3387 uon
810 3345 919 3402 possunt
933 3338 1018 3390 verbis
1027 3337 1130 3388 eleasar

494 3419 665 3471 adscribere
680 3418 734 3470 hoc
753 3417 901 3470 debebunt
917 3416 1085 3483 exemplum
1101 3417 1166 3470 sibi.

270 3646 372 3719 Quid!
390 3646 627 3709 exclamabant
643 3648 698 3709 alii
713 3663 881 3724 censores
902 3647 991 3728 quod
1006 3648 1138 3729 scripsit
1153 3647 1302 3711 Phaeder
1325 3647 1452 3726 aliquot

235 3743 386 3820 fabellas
411 3746 486 3808 ideo
506 3746 616 3807 virum
640 3763 675 3807 se
699 3764 773 3808 esse
794 3748 916 3809 summi
935 3747 1061 3824 ingenii
1083 3746 1272 3809 existimat!
1290 3748 1351 3818 Qui
1368 3746 1451 3806 alios

232 3842 443 3924 improbavit,
454 3860 536 3904 num
549 3842 624 3906 ideo
635 3844 684 3905 illi
695 3845 768 3924 plus
780 3844 911 3907 virtutis
921 3846 1009 3907 inest
1020 3863 1122 3925 quam
1135 3846 1256 3907 ceteris
1272 3842 1452 3906 omnibus?

230 3942 478 4022 -Respondet
496 3941 563 4003 illis
583 3945 683 4021 poeta
701 3941 826 4005 fabella
840 3943 869 4017 3,
887 3943 921 4003 in
942 3961 1020 4023 qua,
1035 3945 1166 4023 Aesopi,
1184 3947 1221 4004 ut
1236 3942 1333 4017 solet,
1350 3957 1450 4004 usur·

232 4045 309 4121 pato
324 4041 472 4115 nomine,
489 4039 637 4103 ostendit
1054 4123 1063 4161 1

480 4208 548 4259 Plus
564 4220 629 4260 esse
645 4207 674 4258 in
690 4221 748 4260 uno
764 4221 850 4274 saepe
865 4221 953 4274 quam
970 4209 1000 4259 in
1016 4212 1102 4262 turba
1118 4210 1196 4262 boni,

1224 4302 1287 4352 (llav.
1302 4300 1347 4352 83.)

273 4517 343 4585 Quo
368 4516 473 4592 magis
494 4516 654 4576 Romanis
675 4516 820 4591 ingeniis
840 4515 996 4594 placeret,
1026 4517 1272 4596 quaestionem,
1293 4517 1451 4595 utsupra

234 4613 289 4691 (ΙΙΙ
305 4616 354 4690 ll,
375 4613 460 4675 Har.
487 4613 534 4692 58)
557 4615 761 4693 propositam
788 4614 895 4688 linxit,
922 4613 964 4676 ab
988 4617 1131 4694 Aesopo,
1150 4613 1452 4678 succumbentibus

233 4709 401 4786 omnibus,
414 4709 572 4775 facillime
589 4711 780 4790 expeditam
792 4731 799 4787 ;
819 4730 885 4774 rem
899 4713 1044 4773 narravit
1056 4731 1143 4793 quac
1155 4714 1247 4776 tricis
1260 4711 1452 4776 forensibus

233 4813 386 4872 assuetos
403 4827 606 4888 magnopere
631 4808 822 4873 delectaret.
845 4811 1034 4873 Narrationi
1050 4816 1220 4891 praeterea
1234 4812 1318 4874 haec
1343 4813 1449 4875 inter-
