3636 5652
622 571 665 616 nn
686 571 809 619 oaorun
831 571 1062 618 rasnnnaauu.
1415 553 1452 619 tt

232 712 371 792 prologo
387 717 419 776 et
440 714 573 792 epilogo
594 715 818 792 consentiant,
837 731 878 776 ex
897 715 969 792 ipso
990 713 1128 794 prologo
1144 717 1176 776 et
1195 714 1326 794 epilogo
1346 731 1452 795 quae·

230 827 342 873 ramus
368 811 450 891 quid
472 817 564 874 certo
592 811 741 874 Phaeder
761 812 803 874 ab
830 811 980 893 Eutycho
1005 813 1183 892 impetrare
1206 812 1361 890 voluerit,
1386 830 1453 894 quo

229 908 363 970 demum
374 910 518 972 'consilio
535 909 657 972 librum
674 913 781 971 totum
799 911 997 972 exaraverit.
1011 910 1105 981 Quod
1119 911 1147 972 si
1159 916 1368 990 compertum
1379 911 1453 987 erit,

229 1003 327 1066 facile
343 1007 415 1081 erit,
432 1008 631 1086 praesertim
648 1007 676 1069 si
692 1007 821 1069 ratione
838 1007 1047 1068 arithmetica
1061 1025 1144 1070 usus
1155 1009 1220 1069 eris
1239 1005 1281 1068 ab
1297 1009 1332 1070 L.
1346 1008 1454 1072 llavet

229 1121 321 1166 nunc
337 1106 481 1185 primum
499 1105 660 1178 adhibita,
678 1123 755 1168 cum
770 1123 889 1167 verum
905 1109 938 1167 et
953 1107 1134 1182 genuinum
1156 1103 1346 1168 fabularum
1363 1105 1454 1168 ordi-

230 1219 305 1264 nem
321 1203 512 1278 restituere,
532 1208 601 1266 tum
616 1205 717 1266 etiarn
732 1203 835 1266 totius
851 1202 955 1266 libelli
971 1205 1133 1266 terminos
1149 1202 1301 1267 definire.
1348 1253 1350 1260 Α

268 1300 308 1361 In
324 1301 461 1382 prologo
477 1303 611 1364 nonnisi
628 1302 668 1364 de
692 1302 758 1365 illis
778 1304 932 1383 queritur
955 1302 1106 1364 Phaeder
1130 1303 1187 1383 qui
1209 1301 1357 1364 fabellas
1378 1315 1456 1364 suas

230 1415 298 1461 non
328 1403 417 1462 recte
445 1400 622 1463 aestiment
651 1403 685 1462 et
716 1423 727 1456 a
759 1400 900 1476 gloriam
928 1399 1166 1462 sollemnem»
1207 1399 1270 1462 sibi
1307 1397 1455 1462 debitam

229 1495 410 1576 denegent;
429 1497 518 1560 unde
534 1498 695 1578 conjicias
710 1501 844 1578 poetam
865 1499 982 1560 multis
1008 1501 1117 1560 visum
1141 1515 1216 1560 esse
1244 1497 1371 1580 majora
1395 1515 1455 1578 pro

228 1611 332 1672 parvo
348 1595 463 1657 libello
479 1593 543 1658 sihi
560 1596 594 1657 in
613 1597 744 1676 epilogo
760 1596 790 1656 ll
805 1595 1024 1671 arrogavisse.
1048 1597 1085 1657 ln
1106 1597 1238 1675 epilogo
1261 1596 1304 1657 lll
1332 1595 1456 1658 eisdem

228 1693 284 1752 vix
300 1691 429 1773 aliquot
445 1693 603 1756 versibus
619 1693 809 1774 respondet,
837 1717 846 1749 α
873 1692 1075 1756 brevitatis»
1098 1694 1352 1756 excusationem
1373 1692 1454 1755 affc-

228 1805 306 1852 rens
323 1794 469 1871 primum
487 1811 502 1852 t
518 1809 561 1853 ne
582 1792 735 1875 Eutycho
757 1815 785 1863 »,
811 1793 882 1853 viro
901 1795 1076 1871 occupato,
1098 1815 1111 1846 «
1134 1790 1306 1853 videretur
1329 1790 1455 1854 moles·

228 1888 293 1950 tior
310 1912 337 1963 r,
352 1887 472 1951 deinde
490 1909 505 1949 t
521 1893 560 1951 ut
574 1888 631 1950 alii
646 1888 771 1952 habere
789 1893 932 1968 possent
950 1888 1075 1970 aliquid
1096 1889 1207 1970 operis
1222 1888 1343 1952 residui
1362 1912 1388 1949 a.
1415 1888 1451 1949 lu

228 1986 359 2067 reliqua
375 1991 468 2068 parte
490 1987 619 2068 prologi
635 1990 668 2050 et
686 1986 728 2049 ab
745 1987 897 2067 Eutycho
913 1985 1074 2064 elllagitat
1097 2004 1166 2048 rem
1189 1991 1289 2049 antea
1310 1987 1452 2066 promis-

228 2101 312 2161 sam,
329 2071 416 2147 et'in
439 2103 497 2148 eos
519 2104 555 2147 se
579 2087 743 2148 convertit
767 2085 931 2167 aquibus
959 2086 1125 2173 immerito
1150 2089 1340 2148 accusatur.
1368 2083 1453 2156 Quid

228 2186 341 2246 autem
367 2182 517 2246 Phaedro
547 2184 722 2263 Eutychus
751 2184 903 2266 polliceri
928 2185 1057 2263 potuit‘.t
1085 2185 1318 2261 Magistratum
1341 2181 1450 2246 fuisse

227 2280 419 2362 Eutychum
435 2285 533 2362 putat
547 2281 776 2344 Desbillouius
796 2299 874 2344 cum
893 2281 1009 2344 multis
1029 2281 1118 2354 aliis,
1137 2285 1170 2343 et
1186 2285 1319 2361 poetam
1340 2281 1375 2346 iu
1396 2280 1455 2360 ju-

227 2378 353 2440 dicium
369 2383 525 2442 vocatum
541 2379 581 2441 ab
597 2397 636 2442 ec
650 2381 811 2458 petivisse
826 2383 863 2442 ut
879 2397 916 2442 se
936 2380 1086 2442 criminis
1110 2378 1311 2442 absolveret.
1334 2378 1459 2441 Contra

227 2495 266 2540 ea
284 2481 372 2540 recte
387 2477 582 2541 Hervieux:
602 2502 615 2534 v
633 2478 660 2540 ll
675 2476 762 2540 n'est
775 2495 837 2558 pas
858 2477 988 2540 naturel
1008 2495 1072 2557 que
1089 2477 1122 2539 la
1139 2479 1361 2558 recompenso
1378 2493 1453 2556 pro-

227 2575 347 2636 misca
368 2593 404 2638 sa
428 2573 577 2638 brievete
597 2575 661 2637 dot
681 2577 842 2638 consister
861 2574 945 2637 dans
970 2592 1036 2636 une
1057 2572 1168 2637 bonne
1191 2573 1341 2637 decision
1362 2572 1458 2654 judi-

226 2674 330 2734 ciaire
350 2691 378 2735 r.
402 2673 500 2736 Addit
520 2673 608 2736 idem
633 2675 746 2736 minus
778 2673 862 2736 bene
888 2692 894 2734 :
923 2673 1082 2735 t.G‘etait
1112 2676 1245 2736 surtout
1263 2678 1378 2736 contre
1403 2674 1452 2736 les

158 2787 161 2792 ·
226 2772 371 2834 envieux
388 2771 421 2852 tt)
434 2771 521 2835 rdels
533 2772 802 2850 ouimaginaircs
818 2771 854 2851 (l)
866 2789 932 2851 quc
944 2769 1071 2833 Phddre
1082 2771 1258 2852 invoquait
1272 2771 1302 2832 le
1314 2789 1453 2837 secours

225 2867 400 2948 (iudicium
411 2870 433 2949 l)
444 2868 484 2931 de
497 2886 557 2932 son
570 2871 761 2950 protecteur
771 2893 798 2932 a.
812 2869 954 2951 Conjicit
966 2869 1000 2932 L.
1017 2867 1160 2950 Havet(§
1177 2869 1246 2948 159)
1259 2869 1450 2949 Eutychum

224 2964 330 3030 fuisse
353 2971 606 3047 procuratorem
630 2968 794 3043 Caesaris,
820 2970 852 3030 ct
876 2965 917 3030 ab
939 2984 979 3029 ec
999 2970 1135 3048 poetam
1160 2967 1333 3045 rogavisse
1359 2971 1394 3028 ut
1417 2985 1452 3030 se

227 3089 240 3120 κ
262 3067 454 3129 restitueret
474 3070 509 3128 in
530 3064 682 3129 officinm
705 3065 841 3146 aliquod
865 3064 1028 3127 humilius
1054 3065 1142 3127 unde
1167 3083 1227 3144 per
1247 3065 1453 3127 calumniam

224 3161 345 3226 luisset
367 3164 448 3226 olim
473 3163 625 3244 dejectus
652 3189 678 3226 ».
704 3165 824 3244 Atqui
847 3163 1040 3241 diligentius
1065 3163 1198 3241 singula
1223 3163 1448 3242 perpenderit,

224 3263 338 3324 omnia
352 3263 453 3326 simul
472 3264 559 3325 inter
584 3280 619 3326 se
641 3261 897 3341 comparaverit,
915 3265 948 3324 et
968 3259 1154 3323 faciliorem
1172 3264 1204 3322 et
1223 3263 1451 3341 perspicuam,

225 3361 259 3422 ni
275 3359 383 3433 fallor,
402 3360 638 3426 enodationem
652 3359 816 3422 inveniet.
1305 3353 1306 3360 ’

264 3456 362 3521 Haud
392 3457 493 3522 dubie
518 3459 627 3535 arguit
646 3457 806 3539 prologus
829 3456 927 3537 (Hav.
953 3455 1005 3538 lt)
1026 3453 1218 3537 Eutychum
1247 3473 1313 3518 non
1341 3455 1450 3518 luisse

225 3556 462 3640 magistratum
478 3559 536 3617 aut
547 3553 697 3635 judicem
715 3574 722 3616 :
736 3553 842 3634 judex
857 3571 924 3616 non
935 3553 1138 3616 distinetur«
1153 3553 1295 3631 negotiis
1309 3577 1323 3608 »
1343 3553 1383 3632 (v.
1401 3555 1449 3630 2);

220 3653 343 3734 judicis
359 3655 515 3735 quamvis
531 3654 688 3734 occupati
705 3668 772 3715 non
789 3651 871 3714 adeo
882 3665 953 3715 'non
973 3675 985 3709 ι
1004 3649 1152 3714 liberast
1167 3653 1326 3714 animus»
1344 3653 1389 3730 (v.
1407 3652 1449 3728 3),

225 3769 292 3815 non
313 3750 395 3815 adeo
422 3775 437 3808 α
461 3768 583 3832 corpus
609 3776 623 3806 n
650 3751 693 3823 tv.
721 3752 772 3832 ’13)
797 3749 981 3812 laborando
1002 3748 1185 3824 defessum,
1207 3753 1246 3811 ut
1262 3774 1275 3804 a
1293 3767 1335 3812 ne
1349 3748 1451 3811 horae

224 3850 360 3931 quidem
380 3853 588 3912 momentum
603 3849 712 3929 perire
728 3836 831 3928 possit
845 3846 967 3910 ciliciis
986 3871 999 3902 n
1016 3847 1062 3926 (v.
1080 3847 1109 3930 5)
1128 3848 1214 3927 ejus,
1237 3851 1270 3909 et
1291 3846 1421 3910 «terias
1435 3872 1448 3902 »

223 3951 268 4028 (v.
296 3945 326 4028 8)
349 3949 543 4028 exspectare
558 3946 680 4010 debeat
696 3946 724 4008 si
748 3944 831 4009 vult
849 3969 862 4000 κ
889 3944 1001 4006 soluto
1021 3948 1156 4024 pectore
1180 3969 1192 4000 »
1218 3944 1451 4027 (villamquid

224 4047 345 4124 legere,
365 4066 380 4107 ι
396 4046 547 4108 animum
563 4045 712 4108 relaxare
731 4068 744 4099 a
762 4043 804 4122 (v.
825 4044 886 4123 Ι13),
904 4063 920 4103 <t
937 4044 1043 4104 otium
1059 4042 1137 4105 dare
1148 4045 1280 4123 corpori
1297 4067 1310 4098 >2
1324 4043 1367 4124 (v.
1387 4042 1448 4125 ta).

225 4145 245 4208 J
249 4145 336 4208 ndex
351 4143 418 4207 dici
433 4144 624 4225 nequitqui

891 4303 1014 4357 magnas
1029 4304 1098 4356 opes

518 4377 700 4438 Exaggerare
715 4373 827 4438 quaerit
841 4375 916 4422 omna·
930 4373 1023 4436 cipitia

520 4457 610 4506 Docto
626 4454 717 4506 labori
731 4455 806 4504 dulce
817 4468 985 4518 praeponens
1001 4454 1114 4503 lucrum.

1197 4535 1229 4580 (r.
1242 4531 1329 4586 ἳιὶ-ἳθ.)

264 4751 470 4829 Negotiatori
494 4765 574 4810 vero
603 4752 636 4810 ct
656 4747 851 4818 mercatori,
878 4747 962 4808 nulli
982 4747 1050 4817 alii,
1077 4766 1117 4809 ea
1134 4749 1249 4810 omnia
1273 4748 1445 4828 aptissime

226 4849 406 4913 convenire
422 4847 496 4930 quis
509 4863 576 4909 non
589 4845 702 4908 videt‘t
717 4846 779 4908 Hic
790 4861 869 4923 crgo
880 4861 947 4906 non
961 4845 1003 4908 de
1014 4845 1142 4925 judicio
1158 4847 1307 4924 legitimo
1324 4845 1444 4924 agitur,

842 4961 843 4964 ¹
1342 4949 1356 4994 a
