3612 5638
383 572 422 636 18
850 589 930 634 rans
953 590 1142 636 rosrrruon.

383 749 458 795 esse
482 731 593 812 palam
618 731 815 812 profitetur3
834 749 925 795 nunc
940 733 1032 795 omni
1047 731 1318 798 dissimulatione
1335 732 1489 814 abrupta,
1507 733 1612 796 male-

381 830 476 894 volos
491 833 606 912 aperte
621 831 798 910 impugnat
813 831 1047 896 exacerbatus.

421 929 554 1008 Duplex
568 928 671 1006 igitur
684 929 778 1006 angit
793 945 870 990 eum
883 947 963 992 cura
976 948 982 991 :
995 932 1033 991 ut
1047 929 1216 993 scribendi
1227 928 1363 992 laudem
1374 928 1438 992 sibi
1449 928 1608 1007 vindicet,

380 1028 546 1108 imprimis
555 1031 593 1088 nt
606 1028 836 1090 innocentiam
848 1045 945 1092 suam
957 1027 1077 1090 firmet.
1089 1029 1161 1091 Hoc
1172 1029 1318 1090 maxime
1330 1027 1474 1091 consilio
1485 1027 1610 1090 librum

380 1125 548 1206 Eutycho,
582 1124 678 1187 diviti
707 1143 747 1187 ac
774 1124 903 1205 potenti
925 1125 1010 1200 vire,
1037 1125 1179 1199 dedicat,
1213 1130 1376 1206 rogatque
1402 1142 1479 1189 enm
1506 1127 1545 1187 ut
1574 1143 1610 1187 se

379 1222 516 1302 inopem
532 1227 565 1285 et
589 1223 755 1286 malorum
774 1223 906 1302 injuriis
927 1221 1112 1286 obnoxium
1127 1225 1162 1286 in
1183 1224 1324 1287 tutelam
1339 1223 1490 1306 recipiat,
1508 1222 1609 1286 simul

378 1323 605 1400 integritatem
630 1339 726 1384 suam
752 1321 1014 1398 diligentissime
1040 1323 1249 1404 exploratam
1273 1322 1455 1402 praedicet.
1474 1340 1494 1384 n
1510 1321 1609 1384 Illum

379 1437 447 1494 non
464 1420 562 1483 modo
577 1422 612 1482 in
627 1421 765 1500 prologo
781 1423 814 1483 et
828 1420 960 1500 epilogo
976 1424 1047 1484 toto
1063 1420 1121 1484 sed
1137 1422 1237 1484 etiam
1256 1421 1293 1484 in
1311 1420 1463 1498 longiore
1482 1417 1609 1483 fabella

378 1521 417 1584 ro
432 1516 527 1600 (Hav.
546 1519 599 1599 51)
614 1523 647 1582 et
661 1520 697 1580 in
710 1517 778 1583 fab.
792 1521 827 1583 21
847 1519 940 1598 (Hav.
958 1519 1011 1598 79)
1035 1518 1163 1582 directo
1179 1519 1380 1600 alloquitur;
1401 1520 1470 1582 nin
1485 1519 1608 1582 ceteris

291 1673 293 1678 .
378 1615 511 1680 fabellis
527 1617 685 1680 inimicos
701 1620 781 1680 suos
795 1619 906 1680 omnis
921 1618 1054 1694 generis
1071 1617 1262 1696 aggreditur
1277 1621 1309 1680 et
1325 1616 1464 1679 deridet.

977 1914 1005 1974 A

419 2160 489 2229 Qua
524 2173 605 2218 cura
633 2155 795 2235 praecipit
824 2151 978 2232 Eutycho
1007 2154 1046 2213 ut
1075 2151 1425 2232 quamattentissime
1452 2151 1605 2216 libellnrn

379 2256 546 2338 perlegat!
559 2255 674 2315 Monet
685 2268 761 2314 eum
776 2277 789 2308 «
802 2252 888 2314 viles
899 2250 1019 2312 nenias
1032 2269 1047 2309 a
1058 2266 1143 2328 opus
1156 2267 1231 2312 esse
1241 2271 1258 2308 a
1269 2250 1407 2311 maximi
1418 2251 1604 2314 momentis

379 2357 413 2414 iu
442 2353 490 2415 eis
517 2353 626 2415 inesse
656 2367 792 2412 sensnm
821 2346 1040 2418 reconditum,
1072 2363 1228 2424 magnam
1256 2347 1437 2411 utilitatem
1464 2349 1604 2429 reperiri

376 2450 420 2532 (v.
438 2448 459 2513 f.
477 2451 526 2525 nl,
543 2451 628 2512 Hav.
646 2449 710 2528 79).
728 2449 857 2510 Timere
873 2445 1005 2508 videtur
1032 2461 1075 2507 ne
1099 2444 1287 2526 Eutychus
1314 2445 1401 2508 lucri
1425 2445 1605 2510 studiosior

374 2564 477 2628 quam
499 2548 696 2621 litterarum,
722 2569 733 2602 ι
757 2545 826 2606 vim
849 2544 1045 2607 carminis»
1070 2559 1189 2623 parum
1215 2543 1348 2604 sentiat.
1373 2543 1493 2623 Sperat
1513 2545 1604 2606 enim

374 2645 481 2724 illum,
499 2650 679 2726 postquam
703 2642 843 2707 fabellas
859 2640 899 2703 ad
922 2641 955 2704 id
970 2642 1079 2722 ipsum
1096 2644 1254 2702 accurate
1270 2642 1475 2720 compositas
1491 2641 1603 2705 animo

373 2747 580 2826 perceperit,
610 2747 729 2822 poetae
757 2741 964 2823 praesidinm
994 2743 1094 2802 antea
1123 2739 1325 2819 promissum
1353 2739 1498 2802 celerius
1528 2757 1603 2803 esse

373 2842 564 2905 allaturum.
582 2841 706 2905 Suadet
721 2841 823 2918 igitur
836 2840 879 2912 ei,
896 2841 999 2902 immo
1016 2837 1057 2900 ab
1072 2854 1111 2900 eo
1127 2835 1196 2900 fere
1212 2838 1318 2914 exigit
1332 2841 1371 2900 ut
1394 2861 1407 2894 ι
1425 2854 1445 2899 a
1460 2839 1603 2916 negotiis

364 2945 473 3004 ¹vacet
491 2964 503 2997 ι

668 3074 760 3124 Vaces
775 3076 884 3136 oportet,
901 3069 1035 3134 Eutyche,
1052 3080 1069 3120 a
1084 3067 1214 3132 negotiis

667 3156 704 3206 Ut
718 3153 792 3204 liber
806 3151 926 3202 animus
941 3150 1050 3200 sentiat
1065 3149 1125 3199 vim
1141 3147 1302 3208 carminis;

1280 3245 1352 3295 (Prot.
1368 3246 1425 3288 Har.
1443 3245 1476 3302 tt,
1491 3246 1549 3298 2-3.)

372 3459 406 3519 ni
422 3457 535 3531 faciat,
555 3456 781 3537 nequicquam
803 3477 818 3510 α
835 3451 1020 3514 manibus)
1044 3449 1197 3512 libellum
1218 3473 1232 3504 «ι
1249 3451 1379 3512 tactum
1393 3453 1441 3512 tra·
1458 3467 1474 3510 ›
1491 3446 1598 3529 (ibid,

372 3575 404 3619 v.
422 3554 454 3636 6)
470 3572 546 3617 eum
570 3552 746 3630 admonet3
764 3554 837 3614 vult
860 3551 961 3613 etiam
986 3549 1179 3630 Eutychum
1196 3548 1341 3627 «ipsum
1356 3547 1445 3610 vitae
1460 3564 1597 3624 genus»

359 3655 508 3718 *omnino
524 3673 540 3714 a
556 3657 687 3714 mutare
703 3671 733 3728 a,
749 3654 788 3713 ut
810 3675 823 3705 α
841 3650 954 3714 soluto
969 3652 1105 3729 pectore
1123 3671 1137 3703 n
1155 3650 1226 3710 arte
1241 3644 1339 3709 fictas
1353 3644 1487 3710 fabulas
1502 3646 1600 3728 plane

370 3752 565 3829 intellegere
578 3751 685 3832 possit
701 3769 708 3812 t

556 3937 728 3991 Mutandum
744 3935 793 4000 [ld]
814 3934 867 3986 tihi
886 3932 1066 3998 propositum
1082 3936 1137 3992 est,
1153 3935 1186 3983 ut
1201 3931 1281 3982 vitae
1296 3942 1399 3994 genus,

555 4021 666 4070 intrare
681 4017 707 4068 si
722 4019 871 4068 Musarum
886 4014 976 4066 limen
992 4011 1128 4076 cogitas1.

1020 4103 1024 4110 '
1361 4107 1441 4160 (rara,
1457 4107 1543 4158 lero.)

408 4315 518 4377 Nimia
547 4313 683 4395 quidem
713 4309 887 4392 postulare
917 4302 1104 4367 Phaedrum
1130 4301 1206 4380 jure
1231 4301 1358 4366 dieas:
1390 4303 1593 4384 plerumque

368 4418 468 4486 enirn,
496 4417 533 4475 ut
556 4410 756 4474 fabellarum
781 4422 919 4470 sensum
946 4403 1077 4462 animus
1102 4399 1256 4476 accipiat,
1282 4417 1350 4463 non
1375 4416 1518 4464 necesse
1542 4404 1593 4464 est

353 4489 472 4594 Lleetor
486 4510 570 4572 adeo
587 4506 736 4570 studium
757 4509 790 4567 et
805 4517 943 4584 operam
966 4499 1014 4560 eis
1036 4494 1216 4574 impertiat,
1233 4501 1292 4559 aut
1315 4499 1363 4559 ita
1386 4502 1536 4561 mentem
1551 4497 1595 4561 ad

353 4626 425 4696 ¹eas
450 4608 605 4689 applicet,
629 4609 667 4668 ut
692 4629 707 4660 α
730 4619 869 4666 rrxorem
890 4623 918 4674 l,
946 4620 959 4650 «
983 4593 1110 4656 amicos
1131 4615 1158 4661 a,
1186 4611 1201 4653 ‹
1229 4611 1300 4655 rem
1330 4593 1591 4659 domesticam»

396 4818 419 4866 1.
438 4817 564 4880 CogitasP
577 4817 615 4879 (ut
625 4831 648 4865 v.
663 4812 813 4862 ldesideras
827 4813 913 4866 <cum
923 4802 1075 4858 infinitivo>
1084 4817 1115 4845 =
1125 4801 1207 4862 cupls;
1219 4802 1249 4850 cl.
1261 4802 1492 4870 Pnam.‚Sticd.,d‚
1507 4806 1532 4868 l,
1547 4805 1590 4869 10;

365 4889 455 4952 Mero,
473 4889 496 4948 1,
512 4888 536 4949 2,
551 4887 581 4936 37
597 4914 625 4922 -
642 4886 723 4947 Cras,
739 4881 795 4932 Bel.
812 4877 893 4938 Gall„
909 4875 932 4936 l,
947 4875 972 4936 2,
987 4873 1045 4935 etc.)
