3636 5652
382 517 420 588 78
771 567 774 574 .
885 542 967 589 rans
991 543 1097 590 aaron.

380 685 530 750 fabulam
554 707 571 748 c
593 693 747 763 Aesopus
770 685 813 765 ,cp
836 693 986 752 Garruto
1009 711 1036 763 a,
1063 689 1258 768 praesertim
1282 706 1360 750 cum
1383 688 1424 750 ad
1449 690 1605 769 paginam

382 784 615 865 complendam
624 785 717 847 tituli
734 787 881 866 spatium
897 785 1040 848 addendi
1054 785 1117 848 sibi
1133 787 1356 866 superessei¹.

421 883 558 946 Minime
577 883 679 960 igitur
699 882 813 946 obstat
829 886 912 946 ratio
936 884 1147 946 arithmetica
1169 885 1252 965 quin
1278 884 1511 965 disjungamus
1531 903 1605 947 eam

380 982 501 1044 seriem
515 982 579 1044 hoe
594 980 693 1044 modo
712 1001 718 1042 :
739 985 778 1056 h,
795 982 909 1044 BCDE.
928 981 1166 1062 Disjungemus
1184 984 1257 1045 sine
1276 981 1390 1061 dubio,
1410 985 1439 1047 si
1464 977 1606 1046 i'abeilas

381 1078 559 1158 diligenter
581 1079 795 1143 intuebimur.
819 1078 974 1142 liabeiias
991 1103 1005 1135 α
1023 1085 1152 1142 Asinus
1175 1085 1207 1144 et
1233 1085 1353 1144 Galli»
1377 1086 1408 1143 et
1434 1083 1605 1145 «Poeta»

383 1195 504 1241 sensus
523 1179 717 1250 uni-versus,
744 1197 786 1240 ne
810 1178 919 1240 dicam
943 1178 1016 1258 ipsa
1036 1175 1152 1252 verba,
1179 1179 1212 1239 in
1239 1178 1361 1242 librum
1387 1180 1432 1242 iii
1457 1185 1604 1255 revocat,

382 1273 502 1338 addam
516 1276 549 1337 in
566 1274 633 1339 fine
648 1274 726 1338 libri
742 1277 842 1338 tertii.

423 1372 523 1437 Libro
547 1376 637 1437 enim
668 1375 764 1437 tertio
791 1375 897 1436 multo
921 1374 1043 1437 meiius
1066 1376 1225 1438 convenit
1248 1393 1349 1456 quam
1375 1375 1460 1439 libro
1487 1380 1607 1458 quarto

382 1469 506 1535 labella
521 1474 613 1552 prior
628 1473 723 1551 liiav,
741 1472 788 1552 78)
806 1473 841 1533 in
861 1489 930 1552 qua
944 1474 1162 1554 conqueritur
1183 1477 1282 1554 pceia
1302 1498 1316 1530 e
1332 1477 1435 1537 uatus
1449 1478 1574 1549 inseite
1590 1499 1605 1530 »

386 1571 548 1634 «tristem
571 1573 713 1633 ottone»
741 1575 774 1633 et
798 1593 814 1626 α
835 1575 961 1634 durum
983 1571 1050 1645 foti
1074 1575 1252 1634 miseriam
1270 1589 1300 1632 a.
1326 1605 1365 1618 -
1388 1573 1427 1634 In
1451 1571 1607 1634 versibus

382 1686 463 1731 vero
488 1670 657 1731 «Poeta»
681 1669 778 1748 (Har.
802 1668 852 1750 79)
882 1670 1018 1730 nonnisi
1047 1669 1238 1749 Eutychum
1265 1670 1458 1750 alloquitur,
1485 1686 1607 1747 rogans

383 1782 472 1843 enm,
495 1765 583 1829 sicui
602 1767 637 1828 in
658 1767 811 1847 prologo,
830 1771 866 1828 ut
888 1790 900 1824 c
923 1767 1101 1844 diligenter
1124 1768 1297 1830 intueatur
1319 1768 1380 1830 has
1404 1773 1520 1831 rteutos
1536 1791 1550 1823 »
1575 1771 1609 1830 et

386 1863 589 1941 «intellegat
611 1864 702 1946 quod
725 1864 883 1956 interiore
907 1863 1057 1927 condidit
1081 1882 1162 1927 cura
1187 1866 1310 1942 angulo
1327 1888 1355 1940 a,
1376 1865 1410 1928 id
1431 1869 1483 1928 esi
1508 1866 1608 1928 «vim

384 1963 542 2025 carminis
559 1963 682 2025 sentiat
698 1981 713 2022 a
729 1961 828 2042 (Prot.
847 1962 903 2025 iii.
920 1964 1004 2025 Hav.
1022 1964 1072 2038 ii,
1090 1963 1130 2044 3).
1148 1965 1195 2026 iix
1210 1963 1364 2026 versibus

647 2179 707 2228 lioc
721 2189 758 2228 ne
774 2176 916 2242 lcq[u]tus
929 2178 986 2227 sinc
1002 2177 1118 2228 mercede
1132 2175 1296 2240 existimer,

648 2254 795 2308 Fabellam
810 2257 929 2306 adiciam
943 2255 978 2308 de
994 2257 1119 2310 Mustela
1133 2261 1163 2309 et
1176 2255 1308 2307 Muribus

1314 2353 1382 2403 (Har.
1395 2354 1428 2408 79,
1440 2353 1493 2406 Sil).

385 2599 475 2679 prior
491 2614 594 2660 sensu
606 2614 688 2684 ,cum
702 2596 834 2676 epilogo
849 2597 931 2657 mire
947 2595 1102 2674 congruit
1120 2595 1335 2676 c'BrevitalU]
1354 2601 1488 2660 nostrae
1506 2595 1609 2678 iprae]

385 2697 489 2759 mium
503 2699 542 2757 ut
556 2694 675 2757 reddas
690 2698 767 2775 peto
783 2711 800 2754 a
818 2693 912 2774 (Har.
930 2695 980 2772 79,
996 2695 1015 2758 8
1031 2693 1102 2774 sqq)
1116 2712 1123 2770 ;
1140 2694 1174 2755 in
1191 2693 1295 2756 altero
1314 2712 1379 2758 vox
1397 2714 1413 2755 a
1429 2699 1608 2758 odicium»

384 2796 593 2858 demonstrat
608 2811 683 2856 eam
706 2792 865 2855 fabellam
888 2790 964 2853 libri
980 2809 1053 2854 esse
1070 2793 1221 2854 ultimam
1239 2811 1245 2853 :
1264 2792 1408 2854 adicitur
1431 2794 1520 2854 enim
1545 2793 1609 2856 ali-

386 2893 466 2975 quid
482 2909 548 2954 non
563 2891 738 2971 incipienti
754 2889 849 2965 libre,
864 2889 924 2952 sed
938 2891 1051 2969 potius
1062 2890 1225 2953 excunti².
1244 2891 1349 2963 Quam
1366 2908 1435 2953 rem
1451 2889 1610 2954 manifes-

386 2997 465 3064 tam,
483 3007 558 3052 mea
579 2988 716 3070 quidem
737 2988 913 3066 sententia,
935 2987 1012 3049 i‘acii
1038 2988 1160 3050 collata
1183 2986 1298 3050 sabula
1322 3012 1334 3044 ι
1353 2989 1393 3051 de
1415 2989 1557 3052 Muslela
1577 2995 1610 3052 et

419 3284 443 3334 i.
458 3275 521 3331 Vide
535 3281 636 3331 eandem
652 3281 712 3330 edii.
728 3279 788 3328 ibid.

418 3357 442 3406 2.
457 3355 513 3404 Alia
524 3367 621 3417 quoque
635 3351 802 3401 demonstrant
818 3349 911 3398 tabulas
928 3351 988 3399 liav.
1004 3349 1079 3400 78-79
1095 3350 1169 3398 luisse
1184 3350 1241 3398 libri
1258 3350 1322 3399 icriii
1342 3367 1348 3400 :

419 3423 550 3474 1⁰Versus
570 3423 610 3484 79,
634 3424 649 3471 9
674 3422 763 3470 «Dum
784 3422 845 3470 nihil
869 3422 986 3470 babemus
1003 3422 1119 3484 maliilus,
1142 3421 1256 3484 callalmo
1271 3422 1378 3470 ludimus
1394 3443 1406 3467 o
1431 3423 1522 3471 ineunti
1548 3423 1611 3471 libro

387 3497 485 3546 omnino
498 3510 545 3544 non
561 3495 689 3554 convenit;
705 3493 793 3543 librum
804 3492 867 3542 enirn
878 3494 951 3556 incipi
963 3494 1008 3542 hae
1021 3494 1140 3541 sententia
1156 3512 1167 3538 u
1180 3493 1241 3541 nihil
1256 3494 1345 3542 maiius
1359 3494 1438 3543 babeo
1449 3493 1578 3542 dicendum
1589 3513 1609 3550 n,

387 3569 429 3617 vix
444 3567 563 3617 credibile
577 3570 623 3616 est.

419 3640 449 3689 2⁰
462 3640 542 3688 Verba
556 3659 568 3684 u
583 3640 635 3687 sine
650 3637 761 3685 mercede
777 3654 788 3680 u
803 3651 828 3684 v.
842 3635 858 3684 8
873 3637 914 3698 (cl.
931 3651 943 3683 u
960 3636 1087 3684 utilitatem
1104 3654 1115 3680 n
1131 3651 1154 3684 v.
1170 3636 1194 3698 i)
1212 3651 1218 3684 :

419 3713 445 3774 α)
462 3711 536 3761 Multo
550 3711 613 3759 enim
627 3708 785 3758 verisimilius
799 3709 920 3771 expetitur
935 3727 946 3751 «
958 3721 1050 3756 merces
1062 3726 1083 3767 »,
1100 3727 1111 3752 u
1124 3708 1276 3770 [praelmium
1289 3727 1300 3750 n
1313 3707 1385 3772 (Epii.
1398 3708 1437 3758 lii.
1450 3723 1474 3756 v.
1489 3707 1514 3770 8)
1525 3708 1550 3756 in
1565 3709 1612 3757 line

389 3783 446 3833 iibri
460 3797 531 3846 quam
547 3781 572 3830 in
587 3781 657 3830 initio
674 3795 679 3829 :
695 3794 770 3843 quare
786 3778 898 3827 Phaeder
912 3778 1047 3840 Eutychum
1063 3779 1087 3826 in
1102 3779 1208 3841 epilogo,
1226 3792 1274 3827 non
1292 3780 1316 3826 in
1334 3779 1445 3842 prolege,
1461 3779 1564 3842 rogavit.

422 3853 446 3916 i)
462 3853 599 3904 Mercedem
619 3852 708 3901 nullam
733 3851 844 3900 Phaeder
867 3865 882 3899 a
905 3850 1059 3898 Particulone
1079 3853 1208 3911 aspectam
1228 3854 1252 3897 ei
1273 3855 1357 3898 contra
1379 3851 1431 3914 ipse
1450 3849 1614 3899 Particulonis

388 3925 490 3989 gretiam
505 3924 558 3972 vuit
571 3935 734 3982 remunerare,
750 3921 954 3970 immortalilatem
969 3921 991 3968 ei
1011 3919 1133 3968 donando,
1145 3917 1181 3966 Cf.
1196 3919 1258 3980 Epil.
1274 3919 1305 3967 lV
1321 3919 1385 3971 Har.
1396 3919 1427 3969 96
1441 3935 1465 3968 v.
1480 3919 1495 3968 5
1511 3934 1563 3983 sqq.

420 3996 449 4045 3⁰
465 3995 519 4045 Vox
541 4015 553 4040 u
574 3992 678 4043 ediciam
695 4011 706 4038 n
729 4007 776 4042 non
799 3993 878 4042 solnm
899 3990 1094 4053 eonJunctionem
1115 3989 1218 4038 duarum
1240 3990 1382 4040 labeiiarum
1406 3991 1545 4054 significal3
1568 3991 1612 4040 sed

390 4069 471 4127 etiarn,
487 4067 544 4130 quia
558 4079 612 4115 cum
625 4064 780 4128 praecedenti
792 4078 863 4113 versu
878 4063 1015 4112 arctissime
1030 4059 1143 4109 cohaeret

722 4163 769 4206 lice
780 4174 808 4205 ne
823 4160 932 4217 ioqithus
947 4159 994 4202 sine
1007 4157 1106 4201 mercede
1117 4157 1231 4202 existimor

723 4225 836 4269 Fabellam
850 4223 943 4268 ediciam
955 4227 996 4272 etc,

391 4347 498 4396 declarat
521 4350 572 4395 tota
594 4344 713 4394 sententia
736 4348 830 4406 poetam
850 4340 997 4404 speravisse,
1021 4337 1106 4387 addita
1127 4339 1216 4402 labala,
1232 4353 1318 4388 munus
1334 4345 1486 4403 expectatum
1510 4345 1544 4404 (ei
1565 4342 1613 4392 sibi

391 4417 546 4483 promissum)
561 4416 656 4466 iacilius
670 4430 696 4464 se
711 4416 901 4477 impetraturum.

392 4577 407 4610 v
422 4489 573 4610 ciglllenique
585 4486 674 4551 optime
686 4486 802 4550 Eutycho,
818 4483 966 4534 Particuloni
981 4481 1248 4616 minimpdeocpgssffniuni
1261 4497 1348 4532 versus
1360 4483 1390 4532 79
1403 4483 1458 4548 3-7,
1469 4485 1614 4547 praesertim

409 4599 415 4613 c
448 4587 459 4598 ⁸
1066 4591 1073 4616 p

725 4656 794 4699 i'rcna
810 4653 880 4709 prima
896 4653 992 4705 multos;
1006 4663 1056 4693 rara
1069 4661 1131 4693 mens
1142 4650 1249 4707 intellegit

723 4719 786 4771 Quod
797 4716 923 4774 inltleriore
937 4713 1035 4758 condidit
1045 4725 1097 4755 cure
1110 4714 1200 4768 angulo.

423 4830 492 4896 {Cum
504 4829 594 4894 quibus
609 4830 692 4879 center
709 4827 775 4878 Prci.
791 4825 822 4874 iv
836 4825 896 4874 liar.
911 4822 950 4872 77.
965 4837 988 4872 ν.
1005 4821 1034 4871 10
1048 4825 1072 4870 et
1087 4820 1179 4884 17-20.)
