1050 1548
493 352 642 372 CONCLUSIO

278 469 324 485 Haec
336 469 427 490 praecipua
439 470 461 487 et,
474 470 492 485 ut
502 469 525 484 ita
534 469 595 489 dicam,
603 470 653 485 unica
660 474 690 489 per
698 470 750 485 totam
758 470 810 485 vitam
819 470 874 486 Phae-

258 494 307 509 drum
319 494 416 509 sollicitavit
427 498 473 512 curay
486 495 506 509 ut
517 494 591 513 exigeret
600 494 729 509 monumentum
736 498 775 510 aere
782 495 874 514 perennius

257 519 274 534 et
285 518 356 538 gloriam
368 519 454 534 aeternam
465 519 576 539 compararet.
586 519 631 537 Quae
642 523 695 534 causa
705 519 737 534 fuit
746 518 785 539 (non
794 519 833 539 alia)
843 524 873 535 cui·

258 543 337 563 apologos
344 542 442 558 scribendos
447 543 546 563 susceperit.
553 543 598 563 quod
604 543 659 558 solum
665 544 752 563 supererat
758 544 873 563 genusRorna·

257 567 283 583 nis
295 567 351 583 adhuc
362 567 487 587 intemptatum*
496 568 536 583 Cum
549 568 611 585 autern,
620 568 706 588 Aesopum
713 568 800 586 imitando,
811 568 872 584 librum

257 592 329 612 primum
339 591 431 607 lectoribus
441 591 531 612 probatum
541 591 626 610 edidisset,
635 592 667 608 etsi
675 592 769 608 minitando
777 593 840 608 vetitus
847 594 873 609 est

257 621 267 632 a
280 616 340 636 Seiano
355 616 394 632 novi
406 617 498 636 quicquam
512 616 530 632 in
542 616 598 632 lucem
608 616 684 636 prodere,
697 618 754 632 tamen
769 621 798 637 per
812 617 872 637 longos

239 638 241 641 ’
258 645 317 660 annos,
325 640 380 657 fidens
387 640 445 659 futuri,
453 641 525 656 alterum
531 640 593 656 librum
599 642 665 657 secreto
672 642 773 661 composuit,
780 646 810 662 per
815 646 871 662 quem,

258 665 363 686 interpositis
375 665 440 686 aliquot
452 665 518 681 fabellis
530 669 540 681 a
552 669 570 681 se
580 665 684 685 excogitatis,
692 666 762 685 gloriam
773 666 872 682 sollemnem

257 690 290 706 sibi
306 690 388 706 tributum
403 690 423 705 iri
438 689 519 708 confisus,
532 690 594 710 Aesopi
609 690 676 706 aemulo
690 694 749 710 parum
763 690 817 706 abfuit
831 691 872 711 quin

259 716 331 731 statuam
338 714 396 731 deberi
406 714 517 735 praedicaret.
526 715 571 733 Quae
581 714 643 734 gloriae
655 714 738 735 cupiditas
750 715 766 730 et
777 716 872 735 arrogantia

257 740 361 760 (quanquam
368 739 440 759 putabat
447 743 465 755 se
472 739 573 758 modestum,
579 739 601 755 ei'⁴
610 739 654 755 Prol>
662 739 682 758 ΙΙ,
691 744 707 755 v⁴
715 739 740 759 15]
747 739 765 755 in
773 739 809 755 dies
814 740 871 759 erevit,

257 764 382 784 impedimentis
397 768 431 780 non
446 764 533 783 contenta,
549 763 578 780 sed
591 763 645 783 magis
658 764 708 780 aucta
720 764 751 780 est.
764 764 790 780 lta
801 764 873 780 fidenter

257 789 332 809 posteris
339 790 389 809 poeta
396 793 415 804 se
424 789 477 804 totum
488 788 610 807 committebat.
619 789 643 807 ut,
652 788 702 804 tertio
712 788 755 804 libro
766 788 817 807 edito,
825 789 872 809 operi

258 814 348 829 terminum
356 814 430 829 statuere
437 813 471 833 jam
479 813 577 829 destinaret.
587 813 605 828 Ei
613 813 660 829 certa
669 813 712 829 ratio
721 813 777 829 denuo
788 813 872 829 scribendi

256 838 288 854 fuit
297 838 342 858 quod
350 838 379 853 alii
388 842 406 853 se
414 838 475 853 imitari
483 837 551 856 vellent,
561 837 639 853 nonnulli
647 837 678 853 sibi
686 838 772 858 Aesopum
780 839 872 858 antepone-

257 863 294 878 rent
303 867 307 878 :
316 862 370 882 surgit
382 863 438 882 itaque
449 862 550 881 indignatus,
558 863 575 877 et
586 862 654 877 laudem
664 866 713 877 suam
723 866 762 878 cum
773 861 794 878 ab
805 863 871 882 Aesopo

257 888 293 902 lum
301 887 353 903 etiarn
360 886 382 902 ab
389 887 461 902 aemulis
469 886 505 902 suis
513 887 594 902 acerrime
602 886 682 905 defendit,
691 890 745 906 neque
753 886 800 907 prius
806 887 872 903 iracun-

256 912 302 927 diam
310 912 380 927 remittit
387 916 438 932 quam
445 912 525 931 exoptata
533 911 585 931 gloria
592 915 662 927 securus
669 911 702 926 i'rui
711 912 770 931 potest.

276 936 354 952 Fabellas
362 940 403 952 suas
411 937 428 951 et
436 936 497 951 eximie
506 936 577 956 scriptas
585 936 602 951 et
609 935 670 956 quavis
679 935 729 951 laude
739 935 799 955 dignas
811 936 870 955 haben

256 962 306 976 vocat
314 966 322 976 ‹
330 961 398 977 doctum
409 961 485 976 laborem
494 965 507 979 ›,
519 965 527 976 ‹
537 962 576 976 arte
585 961 635 979 notas
645 961 715 979 fabulas
726 965 741 975 π.
752 960 802 976 Poeta
813 961 871 980 poesin

255 985 332 1001 omnium
339 990 374 1001 rem
382 985 512 1005 pulcherrimam
522 986 539 1001 et
549 985 602 1000 multo
612 984 751 1005 pretiosissimam
762 989 800 1001 esse
811 985 870 1001 existi-

256 1011 291 1026 mat
299 1015 303 1025 z
311 1010 366 1026 virum
378 1009 453 1028 doctum.
462 1009 479 1025 id
491 1010 517 1025 est
529 1010 602 1029 poetam,
611 1010 627 1024 et
640 1009 684 1029 apud
695 1009 773 1025 homiues
785 1010 847 1029 valere,
855 1011 871 1026 et

256 1034 277 1050 nh
292 1035 333 1054 ipsis
347 1034 427 1050 honorari
441 1034 478 1050 diis.
495 1034 541 1052 Quod
556 1034 570 1050 si
582 1033 645 1053 vulgus
657 1033 742 1053 stupidum
754 1034 802 1049 aliter
814 1034 870 1053 sentit.

256 1059 360 1079 miraturque
368 1059 443 1078 indigna,
452 1059 543 1074 stultorum
550 1058 671 1079 approbatione
681 1058 757 1074 Phaeder
766 1058 815 1074 facile
825 1060 871 1075 caret

256 1088 264 1098 ι
273 1083 384 1099 inlitteratum
392 1083 471 1104 plausum
479 1087 510 1099 nec
518 1083 602 1099 desiderat
611 1087 624 1099 ι.

276 1108 345 1123 Nullam
360 1108 472 1123 calamitatem
487 1107 601 1123 molestiorem
616 1106 676 1122 habuit
690 1111 741 1127 quam
753 1107 798 1128 quod
810 1108 871 1124 libellis

256 1133 291 1148 suis
304 1132 351 1153 justa
364 1132 401 1148 laus
415 1132 532 1152 denegaretur.
548 1132 583 1150 Quo
598 1133 674 1152 tempore
688 1132 789 1151 gravissimo
801 1133 871 1148 crimine

255 1161 348 1178 oppressus
356 1156 378 1172 ad
388 1156 488 1177 Eutychum,
497 1156 557 1173 salutis
567 1160 625 1174 causa,
634 1155 725 1175 confugere
736 1157 808 1177 supplex
819 1161 870 1177 coge-

256 1182 311 1201 batur,
324 1182 357 1197 etsi
369 1185 449 1201 magnum
460 1181 476 1197 ei
490 1181 589 1197 imminebat
602 1180 703 1201 periculum.
717 1182 774 1197 tamen
786 1181 871 1197 scribendi

256 1206 311 1222 laudis
318 1210 352 1222 non
360 1206 453 1225 immemor,
462 1206 502 1221 dum
508 1206 614 1221 inimicorum
620 1204 750 1225 improbitatem,
757 1206 870 1222 innocentia-m

255 1235 303 1247 suam
310 1230 402 1251 praedicat,
411 1230 461 1246 simul
469 1230 570 1247 fabellarum
578 1234 659 1246 censores
667 1230 763 1250 aggreditur
773 1231 790 1246 et
798 1230 868 1247 deridet.

255 1256 308 1271 Immo
316 1255 400 1271 scribendi
409 1255 423 1271 si
431 1254 474 1271 forle
484 1260 546 1271 nomen
556 1255 629 1271 Socratis
638 1255 715 1275 obvenit,
727 1256 821 1276 praesentis
831 1256 870 1272 mali
