3612 5638
811 499 892 546 PARS
915 501 1101 550 Postanton.

592 639 674 690 Mons
690 641 859 703 parturibat,
875 643 1005 705 gemitus
1022 645 1167 697 immanes
1181 647 1271 710 ciens,

593 719 717 783 Eratque
733 721 764 772 in
780 721 865 773 terris
879 724 1008 776 maxima
1023 727 1196 789 expectatio,

593 803 631 850 at
646 799 696 851 ille
714 813 827 854 murem
843 801 963 867 peperit.
981 805 1034 855 lloc
1050 807 1180 870 scriptum
1195 807 1302 868 1111111,

591 879 656 942 Oui,
673 893 780 944 magna
796 895 862 934 curn
877 884 1001 944 minaris,
1017 885 1144 938 extricas
1160 887 1258 938 nihil:

385 1102 511 1165 Vocem
542 1127 555 1158 1
582 1105 721 1168 minaris
748 1125 764 1167 1
789 1108 945 1171 consulto
970 1112 1159 1191 usurpavit;
1190 1113 1360 1176 minantes
1390 1115 1481 1177 enirn
1506 1114 1570 1179 sibi

346 1200 441 1262 duxit
456 1203 661 1282 quicumque
676 1206 838 1267 aemulari
855 1211 1070 1273 conarentur.

385 1299 422 1360 In
439 1316 498 1362 eos
517 1318 652 1381 quoque
674 1303 833 1383 scriptam
853 1305 1048 1368 crediderim
1068 1306 1226 1371 fabellam
1248 1313 1286 1374 11
1314 1335 1328 1365 «
1353 1315 1515 1374 Formica
1538 1315 1570 1375 ct

335 1393 569 1478 'Musoalllam
583 1398 644 1480 74),
659 1400 722 1462 etsi
736 1402 768 1462 in
782 1419 822 1463 ea
834 1402 924 1464 aliud
936 1404 1036 1467 etiam
1047 1423 1153 1483 genus
1163 1409 1375 1470 inimicorum
1388 1407 1570 1483 deridetur,

346 1493 526 1576 dequibus
544 1499 642 1574 paulo
658 1496 746 1559 infra
760 1498 858 1561 nobis
874 1499 1109 1566 disserendum
1124 1505 1186 1566 erit
1207 1505 1250 1585 (r.
1277 1527 1307 1584 p.
1335 1507 1395 1586 75).
1422 1507 1571 1568 Primum

346 1595 435 1655 enim
452 1593 492 1656 ad
508 1595 661 1657 homiues
677 1598 763 1658 inter
779 1616 815 1659 10
832 1599 1042 1663 aemulantes
1058 1603 1229 1681 pertinent
1246 1622 1360 1666 versus
1379 1623 1385 1664 :

642 1774 770 1824 Formica
787 1780 816 1826 et
831 1779 927 1826 Musca
942 1777 1130 1827 corztcudrbant
1147 1781 1246 1828 11011101·

642 1853 714 1911 Quae
725 1853 813 1916 pluris
827 1864 899 1908 essct.

388 2073 514 2137 Deinde
531 2076 672 2139 aemulis
688 2094 804 2156 parurn
820 2077 976 2141 felicibus
996 2084 1087 2143 recte
1108 2081 1311 2162 respondere
1331 2084 1440 2162 potuit
1465 2083 1570 2145 Phae·

347 2171 431 2234 der:
489 2197 490 2200 ¹

598 2283 647 2332 Est
660 2280 807 2345 gloriosus
823 2293 893 2332 sane
908 2284 1041 2333 conuictus
1056 2284 1142 2344 deum,

598 2362 650 2410 Sed
665 2361 764 2425 11111111·
777 2362 981 2421 11101111111,11011
996 2365 1041 2428 qui
1056 2364 1158 2414 inuisus
1172 2371 1219 2422 est,

601 2607 722 2655 Aestate
738 2616 783 2654 me
799 2602 934 2666 lacessis3
952 2605 1043 2668 [qlum
1058 2605 1212 2668 brumalsit
1225 2605 1304 2657 siles.

394 2831 459 2890 Eos
475 2830 521 2890 ita
540 2831 654 2890 monet
669 2845 710 2888 ne
729 2828 902 2889 Musarum
922 2829 1046 2892 intrare
1066 2829 1180 2901 limen,
1204 2829 1389 2892 reluctante
1412 2828 1575 2906 Minerva,

354 2925 599 3004 aggrediantur,
617 2943 714 2999 neve,
733 2927 759 2986 si
775 2924 900 3006 quibus
919 2926 1087 3006 placeant,
1103 2928 1170 2989 levi
1186 2931 1218 2990 et
1233 2945 1301 2989 non
1318 2945 1479 2991 mansura
1493 2947 1577 2991 aura

355 3024 540 3102 glorientur
556 3043 562 3084 :
581 3025 630 3085 eis
645 3040 781 3102 operam
802 3025 1030 3105 nequicquam
1053 3024 1247 3104 perituram,
1270 3025 1333 3087 sibi
1359 3043 1481 3088 nomen
1506 3026 1577 3088 lore

355 3123 554 3185 immortale.

396 3370 438 3429 At
451 3365 527 3428 illos
545 3365 688 3426 maxime
708 3363 785 3425 odio
801 3363 1017 3443 prosequitur
1034 3365 1092 3443 qni
1109 3382 1150 3424 ex
1169 3366 1277 3443 ipsius
1297 3363 1428 3428 labellis
1451 3366 1578 3446 aliquid

356 3465 569 3545 impudenter
584 3464 820 3541 excerpserant
832 3464 869 3523 ut
885 3480 996 3533 suum,
1015 3466 1072 3523 ant
1087 3463 1198 3523 minus
1209 3461 1305 3524 docte
1317 3464 1441 3554 scripta
1456 3464 1579 3526 melius

358 3583 391 3626 10
408 3566 607 3625 tractaturos
624 3562 842 3640 speraverant
859 3579 865 3619 :
882 3559 1049 3639 istosque
1066 3561 1200 3622 nomine
1217 3560 1364 3639 appellet
1379 3577 1447 3622 nou
1463 3559 1576 3634 habet,

357 3661 477 3743 quavis
492 3678 566 3722 esse
582 3659 700 3736 dignos
717 3674 823 3737 poena
838 3657 975 3734 clamat;
994 3659 1074 3720 istos
1091 3675 1158 3720 uon
1169 3657 1283 3733 semel,
1295 3657 1353 3720 sed
1364 3660 1464 3720 etiam
1477 3662 1580 3740 atque

358 3763 458 3822 etiam
475 3759 547 3839 ipse
562 3756 781 3820 acerbissime
797 3760 1008 3818 consectatur
1024 3756 1101 3819 etin
1118 3773 1176 3817 001
1191 3758 1343 3818 omnium
1363 3757 1477 3820 odium
1497 3775 1580 3820 cen-

359 3858 450 3920 citat.

400 3952 601 4015 Fabellama
621 3975 632 4007 r
657 3957 728 4013 1111
747 3954 779 4013 ei
799 3956 956 4012 Lucerna
975 3974 986 4006 1
1005 3951 1100 4030 (Hav.
1126 3951 1175 4030 88)
1195 3969 1304 4030 neque
1327 3952 1502 4014 verisimili
1527 3969 1582 4013 ra-

361 4055 451 4115 tione
481 4050 702 4129 excogitatam
732 4067 804 4111 esse
829 4066 938 4129 neque
962 4050 1042 4110 satis
1067 4048 1295 4125 significanter
1324 4052 1484 4130 scriptam
1511 4051 1582 4130 ipse

361 4153 478 4211 auctor
496 4146 634 4222 saletum
656 4163 774 4208 verum
796 4147 880 4209 nihil
900 4146 1020 4228 melius
1040 4148 1185 4225 reperire
1211 4149 1320 4226 potuit
1345 4153 1381 4208 ut
1406 4149 1584 4228 plagiarios

360 4246 548 4309 infamaret.
578 4245 629 4307 lbi
654 4246 853 4324 scriptorum
877 4243 1002 4306 furtum
1029 4270 1041 4298 r
1075 4244 1287 4322 sacrilegium
1318 4271 1331 4301 1
1364 4244 1497 4320 dieitur,
1515 4251 1549 4309 et
1565 4267 1585 4307 a

363 4371 376 4401 1
395 4347 516 4406 Sancta
533 4344 704 4419 Religione
723 4369 735 4399 1
753 4342 941 4405 damnatur.
960 4344 1062 4403 Fures
1079 4344 1143 4404 etsi
1159 4343 1308 4405 Phaedro
1325 4343 1464 4406 minoris
1485 4347 1585 4423 pretii

362 4442 503 4506 fabellas
522 4443 727 4522 eripuerunt,
751 4447 861 4502 tamen
882 4440 972 4516 digni
990 4445 1069 4501 sunt
1094 4441 1151 4520 qui
1177 4443 1334 4504 extremis
1361 4443 1479 4522 poenis
1509 4443 1583 4504 cul-

363 4560 440 4623 pam
454 4542 564 4617 luant3
581 4544 672 4621 optat
689 4542 789 4601 etiam
806 4539 952 4602 Phaeder
968 4543 1004 4599 ut
1024 4538 1113 4598 illius
1131 4540 1177 4599 rei
1198 4557 1256 4602 eos
1282 4540 1374 4602 brevi
1388 4541 1559 4619 paeniteat
1577 4563 1583 4604 :

597 4713 755 4761 Lucernam
771 4709 816 4760 iur
831 4707 963 4759 accendit
979 4719 1014 4757 ex
1029 4717 1078 4756 ara
1092 4705 1173 4757 lovis

596 4791 735 4854 Ipsumque
749 4790 902 4854 compilavit
916 4787 1050 4838 adtamen
1062 4800 1147 4835 1111111.
