3636 5652
556 536 598 581 nn
620 533 842 581 rannnnnnuu
863 535 969 582 sensu
992 536 1185 583 nnconnrro.
1445 517 1481 579 ll

301 680 348 742 De
366 665 559 742 narratione
574 677 664 741 haud
680 677 853 740 verisimili
873 678 956 740 nihil
976 678 1139 754 dicemus,
1157 679 1282 742 scimus
1298 678 1387 740 enim
1403 675 1485 739 illud

263 778 452 840 Phaedrum
466 778 604 839 minime
619 793 747 854 curare,
764 775 842 838 dum
858 778 1067 856 propositum
1084 795 1183 840 suum
1198 776 1333 841 efficiat.

302 876 394 938 idem
419 875 459 937 ad
485 875 641 937 inimicos
665 890 744 936 suos
768 874 945 936 manifeste
968 874 1087 938 alludit
1110 876 1146 937 in
1163 872 1347 938 fabulacui
1368 873 1486 935 titulus
1586 937 1588 946 ,

265 996 279 1035 e
296 981 450 1050 Aesopus
465 979 505 1036 dc
518 976 682 1037 Sace-essu
695 976 930 1048 trepreoorem
941 993 970 1048 a,
982 971 1077 1053 (Har.
1095 974 1145 1054 36)
1156 975 1253 1054 qnasi
1265 973 1349 1034 nolit
1362 970 1487 1034 diutius

266 1089 381 1135 ansam
397 1071 475 1135 dare
491 1070 531 1133 ad
544 1069 826 1149 maledicendum,
841 1073 1062 1152 statueritque
1079 1076 1208 1134 secreto
1224 1071 1326 1131 animi
1337 1067 1487 1131 dolorem

265 1172 375 1232 levare
392 1169 472 1250 quia

560 1303 722 1355 Successus
741 1301 940 1366 improborum
955 1301 1054 1366 plures
1069 1300 1140 1364 alliot
1148 1301 1189 1366 itt.

1286 1391 1288 1396 ’
1332 1387 1364 1432 (ν.
1377 1381 1397 1421 7.

303 1595 400 1659 Aliud
416 1599 529 1659 aulem
545 1596 676 1659 videtur
689 1598 772 1659 mihi
788 1615 863 1661 esse
878 1596 1003 1660 labella
1019 1621 1035 1653 «
1053 1601 1190 1673 Aquita,
1206 1599 1344 1660 receset
1359 1601 1455 1672 Aper
1471 1620 1484 1651 »

264 1695 361 1778 (Har.
386 1695 439 1774 37)
467 1713 506 1756 ac
530 1693 641 1758 nudus
667 1695 839 1774 apologus.
866 1695 906 1756 In
930 1713 971 1756 ea
1000 1695 1180 1772 significat,
1206 1694 1335 1775 opinor,
1362 1694 1486 1775 Aquila

265 1795 434 1874 Seianum,
452 1793 516 1855 Sus
531 1792 731 1868 Phaedrum,
749 1794 846 1856 Feles
862 1794 1001 1874 eosqui,
1014 1793 1190 1874 utriusque
1203 1794 1398 1856 simulantes
1411 1810 1486 1854 esse

263 1910 298 1957 se
324 1889 504 1963 studiosos,
529 1890 690 1971 Sejanum
711 1889 862 1954 Phaedro
883 1892 1043 1967 inrisum,
1069 1891 1259 1954 Phaedrum
1275 1891 1396 1972 sejano
1411 1909 1485 1953 sus-

265 1995 400 2072 pectum
424 1988 588 2052 fecerunt.
614 1988 782 2052 Admonet
805 1990 898 2051 cives
924 2007 1003 2052 suos
1028 1994 1129 2069 poeta
1156 2012 1168 2045 ι
1196 1992 1366 2062 Quantum
1386 1990 1488 2052 homo

265 2088 428 2164 bilinguis
444 2103 545 2166 saepe
561 2085 743 2149 concinnet
758 2087 837 2149 mali
855 2111 868 2143 p
896 2087 1083 2168 suadetque
1101 2088 1150 2150 eis
1177 2105 1218 2150 ne
1244 2111 1257 2144 «
1285 2087 1387 2151 stulte
1412 2105 1488 2150 cre-

266 2187 336 2248 duli
363 2209 375 2241 »
404 2184 683 2248 maledicentibus
708 2186 862 2264 protinus
884 2183 1066 2248 confidant.
1090 2187 1211 2248 Fateor
1234 2189 1345 2249 tamen
1370 2203 1489 2248 versus

267 2283 541 2362 rrltimos(il-il)
556 2280 597 2344 ad
611 2283 769 2364 Sejanum
786 2301 855 2346 non
872 2284 1050 2364 pertinere,
1067 2301 1145 2346 curn
1170 2284 1263 2346 solus
1288 2283 1438 2347 Phaeder
1450 2285 1485 2345 in

268 2383 495 2445 calamitatem
511 2382 666 2457 venerit;
692 2399 811 2443 verum
835 2383 1070 2461 comperimus,
1097 2385 1182 2446 teste
1208 2383 1280 2462 ipso
1304 2381 1487 2457 Phaedro¹,

270 2498 336 2544 non
353 2497 485 2562 semper
499 2481 534 2540 in
551 2478 710 2542 omnibus
735 2479 892 2542 versibus
916 2485 1035 2561 poetae
1049 2496 1104 2544 res
1129 2483 1281 2560 proprias
1306 2479 1485 2557 designari,

270 2579 329 2644 sed
358 2579 555 2658 saepissime
577 2579 612 2639 in
637 2578 751 2657 aliqua
774 2582 869 2658 parte
893 2576 1028 2640 fabulae
1064 2597 1072 2639 :
1103 2576 1187 2639 illud
1216 2579 1318 2656 igitur
1341 2579 1487 2641 maxime

270 2676 471 2739 intuendum
486 2680 536 2738 est
554 2699 568 2731 «
585 2673 674 2756 quod
689 2677 850 2738 interiore
865 2674 1016 2738 condidit
1031 2692 1113 2738 cura
1126 2675 1260 2753 angulo.
1280 2699 1292 2731 ι

307 2774 602 2838 Narratiunculam
629 2798 638 2830 ι
676 2777 743 2836 Tib.
771 2777 898 2837 Caesar
926 2779 970 2837 ad
996 2777 1193 2837 Atrtcrarem
1221 2792 1237 2834 ›
1261 2772 1358 2855 (Har.
1386 2773 1435 2856 38)
1460 2778 1493 2836 et

270 2874 407 2936 maximi
423 2873 585 2936 momenti
599 2870 716 2934 habuit
732 2875 765 2934 et
786 2871 997 2949 diligentiore
1017 2872 1094 2935 stilo
1110 2873 1269 2950 exaravit,
1287 2873 1322 2934 in
1338 2890 1415 2953 qua,
1434 2889 1492 2934 sex

268 2973 472 3055 praepositis
484 2969 647 3047 versibus
660 2971 820 3034 lectorem
832 2972 1073 3033 cohortaturnt
1084 2974 1211 3034 attento
1223 2971 1335 3033 animo
1353 2993 1365 3026 ι
1379 2988 1493 3034 veram

270 3070 427 3133 fabellam
445 3094 458 3126 »
484 3068 608 3131 audiat.
627 3069 689 3130 Hic
704 3069 794 3130 enim
821 3085 888 3130 non
914 3069 1024 3131 solum
1039 3086 1145 3146 genus
1161 3066 1351 3132 tabularum
1368 3085 1493 3131 novum

272 3169 431 3249 suscepit,
456 3167 514 3230 sed
536 3167 683 3228 maxime
698 3167 839 3229 affectus
855 3168 1009 3248 proprios
1025 3166 1182 3242 ostendit,
1197 3182 1267 3230 rem
1283 3166 1372 3230 adse
1387 3166 1491 3245 perti-

270 3271 405 3329 nentem
429 3266 587 3342 narravit,
612 3263 676 3327 sibi
700 3265 807 3343 magis
828 3282 930 3345 quam
955 3265 1030 3327 aliis
1052 3265 1195 3345 scripsit.
1214 3265 1340 3326 Servus
1355 3264 1435 3327 olim
1451 3261 1494 3325 ab

269 3366 420 3441 Augusto
435 3365 570 3443 propter
593 3363 719 3439 ingenii
733 3362 829 3425 dotes
840 3366 898 3424 aut
912 3363 1033 3447 merita
1047 3362 1224 3444 quaedam,
1245 3361 1358 3433 eredo,
1376 3378 1489 3424 manu-

269 3464 393 3526 missus
416 3465 477 3524 est.
504 3460 622 3535 Nunc,
649 3465 686 3522 ut
709 3477 825 3523 omnes
854 3463 963 3524 sciant
996 3462 1120 3523 eximia
1157 3462 1279 3523 virtute
1305 3459 1492 3523 Phaedrum

269 3562 399 3640 alapam
416 3560 592 3632 meruisse,
610 3576 745 3621 serrum
760 3559 857 3621 illum
872 3558 1002 3621 deridet
1018 3561 1150 3620 tantum
1168 3557 1233 3622 sibi
1251 3562 1442 3620 sumentem
1456 3562 1493 3621 ut

271 3663 383 3741 speret
397 3677 458 3740 per
473 3658 538 3720 vile
553 3656 703 3720 officium
723 3657 911 3720 libertatem
933 3656 999 3719 sibi
1020 3656 1183 3720 tributum
1201 3658 1253 3718 iri.
1279 3657 1396 3738 Itaque
1424 3673 1493 3719 non

267 3759 338 3838 jam
352 3758 475 3821 'liberii
490 3759 658 3831 inertiam,
676 3760 713 3818 ut
727 3759 762 3818 in
778 3755 864 3819 libro
880 3759 999 3837 primo,
1025 3760 1132 3835 notat,
1149 3756 1207 3820 sed
1231 3757 1378 3819 mentem
1400 3757 1494 3836 prin-

272 3857 355 3938 cipis
380 3857 568 3937 sapientem
592 3855 784 3936 quiveram
808 3856 968 3918 virtutem
995 3872 1015 3916 a
1039 3854 1134 3917 salsis
1150 3854 1280 3918 meritis
1296 3855 1491 3930 secreverit,

271 3953 451 4016 collaudat.
469 3953 567 4016 Haud
589 3955 661 4014 sine
681 3952 802 4028 gaudio
826 3952 973 4032 quodam
998 3956 1031 4014 et
1058 3951 1218 4033 superbia
1246 3976 1259 4008 ‹
1286 3951 1494 4033 majestatem

271 4052 355 4114 tanti
370 4052 466 4114 ducis
478 4051 650 4132 jocantem
668 4075 681 4106 a
700 4050 829 4112 inducit
843 4052 879 4111 in
894 4067 1032 4113 servum
1048 4051 1333 4128 arrogantiorem:

487 4213 550 4264 Non
564 4210 694 4262 multum
710 4209 807 4274 egisti,
822 4214 851 4262 et
865 4221 953 4274 opera
967 4209 1146 4275 nequiquam
1164 4209 1239 4276 perit
1251 4224 1257 4271 ;

329 4289 345 4326 θ
486 4291 569 4340 Metto
580 4289 716 4355 major-[tp
730 4289 855 4354 alap[a]e
870 4302 985 4342 mecum
1001 4290 1161 4353 vente]unt.

1277 4374 1307 4421 (r.
1322 4369 1406 4420 ΞΜ»)

309 4552 369 4615 His
390 4549 504 4614 verbis
531 4575 544 4606 e
574 4550 679 4613 multo
704 4547 839 4632 majoris
865 4571 881 4612 a
906 4552 1005 4630 poeta
1020 4550 1189 4633 propriam
1215 4566 1314 4611 suam·
1330 4549 1490 4612 virtutem

268 4651 418 4734 eptollit3
435 4650 526 4731 quod
550 4667 617 4731 quo
636 4649 759 4711 melius
782 4648 1001 4727 signiticaret,
1023 4651 1058 4710 in
1082 4647 1150 4711 fine
1168 4645 1312 4710 fabellae
1333 4647 1488 4711 consulto

298 4833 320 4881 1.
335 4832 363 4884 V.
380 4833 443 4884 Har.
459 4833 497 4884 79.
