3612 5638
353 534 391 596 tt
815 551 896 597 rans
919 550 1109 598 rosrmuoa.

393 697 475 758 Vult
495 697 597 774 igitur
617 695 770 776 Eutycho
791 694 970 758 ostendere
991 698 1120 775 quanta
1134 694 1224 757 mala
1245 695 1404 776 consequi
1421 699 1573 776 possint,

351 797 379 860 si
390 793 496 876 judex
511 794 655 871 indiciis,
673 795 826 875 quamvis
841 798 933 856 certa
949 792 1136 870 videantur,
1161 793 1275 856 statim
1298 793 1412 866 credat
1426 813 1434 868 3
1459 794 1574 888 itaque

354 893 499 973 primum
513 889 565 955 bis
579 909 656 954 eum
672 889 919 964 admonendum
934 893 1030 952 curat
1046 911 1053 953 ;

586 1149 590 1155 .
615 1104 800 1155 Periculosum
815 1112 851 1154 est
865 1105 969 1155 credere
983 1111 1007 1155 et
1020 1118 1076 1154 nou
1089 1104 1203 1155 credere.

616 1465 689 1526 Ergo
704 1460 882 1527 exploranda
896 1465 942 1514 est
957 1461 1066 1512 veritas
1081 1460 1209 1512 multum
1224 1459 1305 1524 prius

616 1545 708 1603 Quam
723 1541 813 1594 stulte
827 1541 940 1606 prionta
952 1540 1065 1605 judicet
1080 1539 1233 1592 sententia.

1370 1669 1401 1713 (v.
1414 1667 1472 1715 5-6.)

354 1916 436 1987 tum,
453 1910 637 1971 memorato
653 1907 744 1986 prius
760 1905 914 1986 exemplo
929 1909 1044 1971 vetere
1063 1906 1237 1988 Hippolyti
1258 1909 1316 1989 qui
1333 1905 1416 1972 ialsa
1432 1925 1576 1973 accusa-

354 2010 443 2070 tione
457 2006 566 2088 periit,
578 2009 614 2068 et
629 2003 837 2068 Cassandrae
852 2004 1036 2082 neglectae,
1054 2022 1122 2086 quo
1138 2007 1248 2069 acrius
1265 2007 1415 2069 animum
1432 2008 1574 2086 legentis

352 2105 533 2187 percutiat,
561 2119 632 2178 ¹non
663 2103 733 2182 jam
760 2106 909 2164 veterem
937 2100 1100 2181 fabulam,
1132 2104 1189 2182 sed
1219 2121 1289 2166 rem
1317 2122 1442 2178 veram,
1474 2107 1578 2170 immo

353 2208 522 2267 memorre
536 2204 670 2277 factam
683 2216 749 2263 suo
764 2216 898 2262 narrare
914 2200 1043 2280 incipit.
1060 2199 1116 2281 (of.
1134 2220 1165 2263 v.
1183 2201 1227 2282 8.)

393 2302 430 2364 ln
446 2301 637 2363 narratione
653 2298 786 2376 singula
798 2298 846 2359 ita
860 2297 961 2376 elegit
975 2301 1007 2361 et
1023 2300 1214 2378 composuit
1237 2304 1276 2363 ut
1301 2301 1390 2363 clare
1406 2304 1578 2382 appareret

354 2401 511 2480 primum,
528 2397 682 2480 quamvis
697 2397 875 2459 manifesta
885 2413 931 2470 re,
944 2397 1138 2463 innocentia
1148 2415 1245 2475 reae;
1263 2401 1335 2461 tum
1346 2401 1579 2463 accusantium

352 2496 504 2578 improba
520 2496 680 2573 consilia3
699 2495 844 2575 denique
859 2483 981 2556 eximia
994 2495 1161 2575 sapientia
1171 2501 1205 2558 et
1219 2497 1413 2560 humanitas
1429 2499 1503 2577 ejus
1521 2499 1579 2579 qui

353 2598 530 2660 veritatem
546 2595 732 2674 comperire
748 2593 870 2674 potuit,
881 2594 1055 2656 innoxiam
1068 2598 1100 2656 et
1113 2594 1271 2657 miseram
1284 2595 1427 2660 scelesto
1439 2596 1578 2660 crimine

354 2692 520 2758 liberavit.
696 2695 697 2702 ’

555 2907 676 2961 Maritus
691 2905 812 2971 quidam
827 2917 894 2958 cum
909 2904 1043 2970 diligeret
1057 2907 1213 2976 conjugem

554 2990 724 3053 Togamque
738 2998 841 3051 puram
855 2988 917 3050 jam
932 2991 1044 3050 pararet
1060 2987 1131 3047 illio,

557 3067 699 3120 Seductus
713 3067 745 3118 in
763 3070 909 3120 secretum
925 3066 1060 3120 aliberto
1074 3073 1121 3121 est
1135 3081 1198 3132 suo,

555 3149 686 3213 Sperante
700 3147 821 3198 heredem
835 3138 944 3211 Wffiiii']
958 3162 985 3197 se
996 3149 1164 3212 prociarum.

555 3229 611 3294 Qui
625 3230 717 3293 [qlum
732 3227 767 3281 de
782 3239 872 3292 puero
885 3229 972 3278 multa
986 3229 1111 3280 mentitus
1125 3229 1199 3282 toret

557 3314 591 3363 Et
604 3309 689 3374 plwra
704 3309 735 3358 de
748 3309 859 3372 flagitiis
873 3316 961 3359 castae
977 3308 1121 3374 multene,

557 3389 672 3455 Adiecit
685 3389 715 3440 id
727 3388 803 3455 quod
818 3389 966 3442 sentiebat
982 3391 1109 3442 maxime

557 3470 721 3522 Doliturum
736 3469 857 3532 amanti,
872 3469 1017 3522 ventitare
1030 3470 1199 3522 adulterum

557 3553 721 3615 Stuproque
738 3550 815 3614 turpi
830 3549 922 3614 pollui
937 3550 1046 3610 tamam
1063 3551 1178 3603 domus.
1233 3569 1239 3586 ·

473 3690 475 3698 ,
555 3635 698 3684 incensus
712 3629 762 3684 ille
774 3629 846 3694 saiso
858 3629 959 3698 uxoris
974 3631 1087 3681 crimine

557 3711 712 3766 Simulavit
727 3711 783 3764 iter
796 3711 833 3764 ad
848 3710 948 3764 villam
964 3711 1098 3776 clamque
1113 3713 1146 3763 in
1163 3712 1268 3778 oppido

557 3793 712 3855 Subsedit;
728 3792 835 3844 deinde
852 3797 941 3843 noctu
957 3792 1054 3845 subito
1066 3783 1204 3857 januam

556 3873 687 3936 Intravit,
703 3877 783 3925 recta
797 3872 968 3925 cubiculum
982 3873 1147 3936 in[t]eri[u]s
1162 3877 1275 3938 petens,

556 3956 590 4006 ln
605 3966 662 4019 quo
677 3952 802 4006 dormire
817 3957 912 4005 mater
927 3957 1033 4004 natum
1045 3953 1175 4017 iusserat

555 4035 693 4098 [dietatem
707 4034 831 4084 aduttum
843 4047 953 4084 succus
968 4033 1134 4098 diligentius.

558 4118 633 4168 Dum
648 4115 814 4180 qutaterunt
829 4113 940 4176 lumen,
955 4114 1024 4166 dum
1039 4120 1216 4168 concursant
1231 4115 1352 4179 tamilla,

558 4199 620 4247 irae
635 4195 761 4247 furentis
776 4194 921 4259 impetum
936 4207 995 4247 non
1012 4195 1165 4247 sustinens

558 4275 599 4325 Ad
615 4274 725 4327 lectum
737 4274 825 4337 vadit,
842 4279 949 4326 temtat
964 4275 995 4325 in
1012 4273 1141 4326 tenebris
1159 4280 1256 4340 caput.

558 4357 596 4408 Ut
611 4354 703 4406 sentit
717 4360 845 4413 tonsum,
860 4353 958 4420 gladio
973 4359 1074 4418 pectus
1090 4355 1256 4420 trausiitglt,

559 4436 639 4489 Nihil
654 4434 916 4500 intt]r[0]spiciens,
933 4435 1004 4488 dum
1020 4435 1150 4488 dolorem
1166 4438 1305 4491 vindicet.

558 4520 691 4570 Lucerna
705 4515 906 4583 adlatasimul
919 4516 1055 4581 adspexit
1070 4516 1166 4570 tilium

562 4597 741 4662 Sanctamque
754 4610 866 4646 acorem
880 4595 1074 4649 dormientem
1092 4596 1237 4658 cubicu10,

505 4675 508 4684 '
562 4677 660 4742 Sopita
675 4676 767 4740 primo
782 4689 856 4741 quae
871 4676 914 4728 nil
926 4690 1028 4728 somno
1045 4682 1188 4740 senserat,

562 4757 803 4823 Repraesentavit
817 4757 849 4808 in
864 4770 895 4810 se
909 4770 1032 4822 poenam
1045 4757 1184 4810 facinoris

562 4841 597 4892 lit
611 4839 686 4892 terro
701 4837 835 4892 incubuit
851 4838 927 4902 quod
940 4839 1084 4890 credulitas
1097 4840 1254 4890 alriauerot.
