3636 5652
631 540 673 586 on
694 540 819 588 ounrun
840 539 1078 585 rasnnuauuu.
1449 523 1467 584 9

1044 637 1049 660 1

245 684 437 765 collapsam.
469 685 559 756 Quas
581 687 694 746 tamen
726 684 919 746 inimicitias
952 698 1019 745 non
1050 697 1252 763 magnopere
1280 683 1467 747 curavisset
1511 703 1515 714 ·

246 782 405 862 Phaeder,
423 781 452 846 si
469 799 537 845 non
554 783 679 863 maiore
694 783 783 845 malo
799 781 939 845 allectus
954 784 1052 858 esset,
1070 781 1182 861 Sejani
1199 778 1276 844 odio
1291 780 1377 846 dico.

537 969 618 1032 Quod
635 967 681 1032 sli]
699 971 852 1020 accusator
863 967 940 1019 alius
956 966 1157 1033 Seianorum,

539 1049 568 1100 Si
587 1050 672 1100 testis
687 1047 774 1110 alius,
787 1047 878 1111 judex
894 1047 970 1099 alius
984 1047 1124 1111 denique,
1184 1107 1186 1114 .

538 1127 656 1193 Dignum
669 1128 770 1192 solerer·
784 1142 838 1178 erre
852 1144 893 1178 me
908 1131 990 1178 luatis
1006 1129 1095 1178 mulis.

282 1347 373 1418 Quae
389 1346 490 1422 igitur
513 1345 688 1407 calamitas
715 1347 847 1407 tantum
874 1348 1060 1407 «dolorem
1081 1369 1094 1400 »
1121 1344 1229 1424 potuit
1251 1344 1299 1405 illi
1323 1342 1469 1406 afferret

242 1446 306 1516 Qui
336 1447 468 1523 poetam
493 1445 644 1506 nostrum
668 1443 811 1515 noverit,
839 1442 921 1504 satis
944 1442 1028 1504 sciet
1060 1442 1142 1505 nihil
1167 1442 1198 1503 ei
1222 1443 1334 1505 carius
1362 1441 1468 1505 fuisse

243 1560 345 1624 quam
362 1560 442 1606 suas
456 1532 610 1618 ¹fabellas,
627 1557 773 1621 cumque
790 1539 919 1601 nullius
936 1541 983 1601 rei
1007 1540 1215 1620 cupidiorem
1238 1539 1342 1603 luisse
1365 1557 1467 1621 quam

242 1641 368 1719 gloriae
384 1640 484 1703 docto
498 1639 613 1701 labore
629 1637 886 1718 comparandae.
904 1637 990 1710 Quid
1005 1639 1107 1716 igitur
1121 1639 1154 1701 ei
1168 1639 1300 1701 tristius
1316 1639 1467 1701 accidere

242 1739 351 1820 potuit
367 1755 468 1819 quam
483 1740 519 1799 ut
535 1737 566 1798 vi
578 1741 756 1814 cogeretur
772 1753 890 1798 vocem
906 1753 1067 1816 premere,
1084 1739 1331 1818 exoptataeque
1341 1737 1468 1814 gloriae

241 1842 417 1899 aeternum
453 1834 528 1896 vale
558 1834 685 1898 dicere!
717 1835 823 1906 Quam
851 1834 953 1896 aliam
987 1851 1132 1914 poenam
1170 1832 1366 1912 faciliorem,
1385 1831 1466 1905 sibi,

236 1919 359 2014 ¹poetae
374 1933 564 2012 graviorem
579 1931 723 2012 Sejanus
739 1949 758 1993 0
773 1930 923 1994 Phaedro
940 1933 1164 2011 sumpsisset?
1178 1934 1249 2004 Quo
1275 1931 1341 1995 alio
1364 1949 1465 1994 sensu

242 2033 351 2113 potuit
366 2031 455 2094 idem
466 2032 500 2092 in
516 2028 635 2093 eadem
649 2029 707 2092 lite
723 2031 1283 2105 00000010100000111101,01100110,
1300 2034 1470 2106 etjadea?

241 2131 363 2194 Nonne
377 2128 430 2192 his
446 2126 559 2190 verbis
575 2131 690 2208 aperte
706 2125 875 2206 significat
883 2127 1033 2198 Phaeder
1043 2127 1138 2190 nullo
1150 2146 1186 2190 se
1198 2126 1468 2208 publicojudicio

241 2228 304 2289 rite
333 2225 539 2300 damnatum,
571 2225 631 2288 sed
663 2223 767 2287 unius
796 2224 971 2286 voluntate
1000 2224 1121 2305 Sejani‚
1159 2223 1305 2287 hominis
1334 2224 1467 2304 privati,

241 2327 359 2410 contra
370 2324 428 2404 jus
445 2326 477 2386 et
491 2323 585 2400 leges
602 2327 733 2386 secreto
749 2339 825 2385 esse
840 2321 1135 2402 punitum‘lcredo
1146 2323 1271 2404 itaque,
1289 2339 1368 2384 cum
1384 2321 1469 2384 liber

241 2423 369 2503 primus
386 2438 493 2501 nuper
508 2422 541 2481 in
558 2420 670 2483 lucem
684 2420 794 2483 editus
812 2424 910 2496 esset,
925 2421 1043 2500 paucis
1054 2418 1166 2484 adhuc
1180 2423 1291 2494 notus,
1304 2407 1468 2482 nonnulla

242 2523 277 2582 111
294 2521 487 2582 eoinventa
511 2537 588 2581 esse
611 2519 753 2600 quaein
779 2517 938 2599 Sejanum
961 2521 1089 2599 scripta
1112 2518 1326 2594 viderentur;
1343 2516 1468 2598 quibus

242 2618 378 2695 auditis,
397 2635 468 2679 rem
488 2615 530 2678 ad
546 2615 706 2697 SeJanum
721 2616 884 2679 detulisse
900 2621 1128 2680 assentatores
1142 2616 1228 2697 ejus,
1245 2615 1377 2680 sodales
1396 2614 1467 2679 sor-

242 2721 332 2779 tasse
348 2719 482 2798 poetae3
499 2715 660 2795 Sejanum
677 2719 800 2789 autem,
819 2718 1001 2796 antequam
1025 2713 1161 2779 fabulae
1183 2713 1341 2778 omnibus
1356 2719 1469 2784 notes:

242 2818 368 2888 carent,
385 2812 510 2894 librum
526 2815 716 2891 sustulisse,
735 2817 870 2894 poetam
889 2813 988 2876 silere
1010 2816 1173 2892 coegisse.

282 2913 378 2976 Tales
397 2911 552 2994 querelas
573 2927 671 2974 nemo
697 2910 838 2992 putabit,
865 2913 1002 2974 vivente
1026 2912 1148 2992 Seiano
1170 2929 1190 2974 a
1214 2909 1365 2974 Phaedro
1391 2928 1467 2974 esse

241 3011 465 3092 pervolgatas,
483 3010 683 3092 praesertim
698 3027 776 3072 cum
792 3027 896 3090 supra
912 3008 954 3072 de
976 3011 1174 3073 inventione
1193 3012 1228 3071 et
1248 3026 1354 3072 sensu
1372 3007 1468 3071 fabu-

243 3110 352 3172 larum
368 3110 570 3172 sententiam
582 3125 679 3171 suam
695 3113 811 3189 aperte
826 3108 947 3170 dixerit
966 3129 973 3168 :

741 3293 871 3345 Servitus
885 3294 1013 3346 obnoxia

539 3374 612 3434 Ouia
627 3385 703 3439 quac
719 3373 839 3425 volebat
853 3386 913 3424 non
931 3373 1059 3426 audebat
1074 3373 1169 3426 dicere

538 3453 659 3519 Affectus
672 3454 800 3519 proprios
814 3454 844 3502 in
858 3452 969 3516 sabellus
984 3455 1151 3504 trarululit...

538 3538 597 3600 Ego
600 3573 647 3587 .....
662 3547 745 3598 porro
758 3534 900 3599 semlerum]
914 3533 967 3597 sect
982 3535 1064 3586 viora.

1121 3633 1188 3686 (llav.
1205 3633 1238 3684 41,
1255 3643 1276 3676 v.
1290 3633 1316 3676 11
1329 3635 1388 3688 sqq.)

284 3842 405 3914 Quies
425 3839 718 3920 pronuntiaverat,
734 3838 810 3920 Ι10111
835 3838 963 3901 1111110111
988 3839 1242 3902 0100001100οω
1266 3838 1385 3902 afferre
1405 3856 1467 3919 po-

246 3941 379 4013 tuisset,
397 3941 431 4000 et
444 3938 479 4001 in
495 3954 532 4000 se
548 3937 765 4014 gravissimas
779 3938 848 3999 iras
871 3936 911 4000 de
930 3934 1097 3999 industria
1113 3937 1345 4000 convertisset.
1369 3937 1467 4014 Ergo,

243 4054 322 4099 cum
338 4053 447 4117 neque
467 4034 604 4097 vivente
630 4033 752 4113 SeJano
768 4033 891 4096 librum
916 4032 1104 4095 secuudum
1128 4033 1278 4112 ediderit,
1299 4037 1333 4096 et
1355 4038 1469 4098 tamen

243 4134 380 4200 vivente
395 4151 436 4196 eo
452 4132 636 4213 scripserit,
655 4131 737 4194 nihil
753 4130 847 4194 dubii
863 4135 914 4194 est
929 4131 1012 4212 quin
1033 4136 1163 4195 secreto
1180 4153 1196 4194 c
1211 4137 1364 4196 dolorem
1379 4137 1469 4195 dele·

244 4235 357 4306 aierit,
372 4234 483 4307 salute
500 4232 645 4294 emittam
660 4234 762 4294 corde
774 4231 899 4293 durato
914 4234 1032 4304 fereae
1048 4249 1063 4290 v
1082 4229 1189 4293 donec
1210 4231 1343 4294 caelum
1362 4231 1469 4308 magis

246 4347 406 4394 serenum.
424 4333 526 4393 esset.
558 4331 611 4402 At,
640 4329 760 4409 Sejano
784 4332 928 4403 mortuo,
951 4345 1011 4390 cur
1035 4328 1164 4392 diutius
1193 4329 1306 4392 sileret
1329 4346 1469 4392 causam

244 4428 350 4493 fuisse
371 4427 469 4492 video
490 4427 648 4490 nullam:
678 4428 904 4512 nequeenim
930 4427 1023 4490 illius
1054 4427 1139 4490 ultio
1165 4428 1196 4489 ei
1220 4428 1292 4507 jam
1321 4426 1469 4492 timenda
1541 4419 1544 4426 ’

246 4531 328 4600 0101,
346 4543 457 4608 neque
473 4529 608 4606 tempus
623 4525 733 4604 potuit
748 4542 819 4588 esse
833 4525 1057 4604 opportunius
1076 4541 1155 4586 cum
1170 4524 1469 4589 omnibusinvisus

246 4625 388 4704 Sejanus
403 4624 570 4705 periisset,
589 4626 622 4685 et
635 4623 701 4704 ipsi
716 4627 834 4703 poetae
855 4622 940 4685 nihil
962 4623 1096 4701 lougius
1112 4621 1263 4703 prolecto
1282 4622 1345 4686 11111
1366 4640 1468 4706 quam

246 4727 284 4784 ut
305 4723 404 4807 quasi
426 4725 596 4784 recreatus
625 4720 782 4783 libertate
806 4719 943 4784 tandem
971 4719 1150 4796 frueretur,
1176 4721 1368 4804 librumque
1391 4725 1468 4785 01110

247 4820 478 4902 conscriptum
493 4820 527 4882 in
542 4819 718 4903 publicum
734 4819 913 4884 emitteret.
