3636 5652
623 509 665 554 na
685 509 806 554 ounrun
827 507 1063 554 ranuncunuu.
1420 489 1458 554 19

235 652 417 717 Muribus»
442 671 519 717 cum
541 653 660 716 ultima
684 651 806 733 epilogi
827 656 932 732 parte.
959 649 1245 724 Quemadmodum
1269 652 1358 716 enirn
1383 669 1458 716 mus

237 772 252 812 u
275 751 420 814 sacculis
435 750 619 814 retorridus
634 752 693 832 qui
708 768 808 831 saepe
823 750 962 832 laqueos
978 753 1011 813 et
1025 750 1216 831 muscipula
1231 751 1406 830 effugerat,

500 936 602 990 Procul
617 936 742 989 insidias
757 948 879 988 cernens
892 935 987 988 hostis
1002 935 1101 987 callidi
1118 950 1124 986 :

500 1019 545 1070 Sic
559 1017 656 1075 valeas,
672 1016 779 1081 inquit,
795 1021 827 1067 ut
843 1015 936 1068 farina
949 1029 980 1068 es
994 1029 1069 1081 qnae
1081 1017 1174 1082 jaces!
1192 1033 1204 1066 u

236 1243 282 1304 ita
296 1242 331 1304 in
347 1243 470 1323 epilogi
485 1241 551 1306 fine
566 1232 666 1322 poeta
680 1260 747 1306 usu
762 1242 882 1305 doctus
899 1262 914 1304 r
929 1241 1141 1305 insolentiam
1159 1264 1172 1298 u
1193 1241 1407 1305 inimicorum
1421 1242 1456 1304 in

237 1343 407 1420 posterum
423 1359 459 1404 se
475 1341 727 1422 prudentiorem
742 1341 813 1404 fore
829 1339 1007 1421 profitetur
1023 1361 1031 1407 :

499 1529 559 1592 Ego
574 1526 723 1592 quondam
739 1526 797 1592 legi
812 1539 900 1592 quam
916 1527 1004 1591 puelr]
1021 1525 1209 1589 sententiam,

500 1624 513 1656 u
532 1607 633 1661 Palam
647 1607 769 1660 muttire
785 1607 896 1671 plebeio
908 1605 1057 1670 piaculum
1073 1611 1148 1658 est»

500 1689 577 1740 Dum
591 1687 704 1740 sanitas
719 1687 876 1750 constabit,
892 1687 1013 1752 pulchre
1028 1687 1224 1751 meminlerol.

1137 1785 1316 1841 mmmm

274 2001 356 2063 Cum
371 2000 473 2077 igitur
488 2003 520 2062 et
536 2017 659 2063 sensns
676 2001 709 2063 id
721 1999 842 2081 jubeat
857 2002 889 2062 et
904 2001 988 2062 ratio
1003 2000 1213 2063 arithmetica
1228 1999 1366 2081 probet,
1387 2000 1457 2082 jam

236 2098 319 2160 nihil
333 2095 564 2160 dubitabimus
581 2097 714 2162 fabulas
731 2103 882 2160 «Asilius
896 2099 927 2160 el
944 2099 1291 2162 Galli-Poetu-De
1311 2101 1458 2163 Mustela

235 2197 267 2258 et
295 2200 453 2260 Mauritius
483 2213 498 2256 a
529 2195 615 2258 libro
641 2196 740 2260 tertio
763 2195 971 2276 adjudicare,
998 2199 1036 2258 ut
1064 2196 1145 2259 olim
1172 2196 1290 2259 tribuit
1319 2199 1456 2277 Rigault

236 2311 323 2357 anno
339 2294 429 2358 1599.
1169 2339 1172 2346 -

274 2395 305 2454 ‘2⁰
319 2393 357 2455 In
374 2397 390 2474 β
407 2392 415 2472 (
433 2415 446 2450 a
470 2395 586 2466 Vulpis
601 2394 632 2454 el
649 2397 758 2468 Caper
775 2411 790 2453 a
810 2416 821 2448 ι
838 2397 886 2454 De
901 2397 1011 2455 Leone
1028 2395 1224 2469 replicate»
1242 2393 1327 2457 Hav.
1343 2393 1457 2475 86-91)

234 2490 457 2554 inveniuntur
479 2490 525 2568 (v.
553 2488 680 2572 Hav‚§
714 2489 781 2570 198)
808 2508 928 2554 versus
962 2491 1011 2564 55,
1042 2491 1127 2554 tituli
1161 2492 1190 2569 5,
1222 2490 1257 2553 in
1291 2509 1457 2555 summam

235 2588 344 2651 lineae
366 2590 408 2653 69
430 2615 467 2643 :
491 2588 628 2658 30><r.
654 2589 725 2650 Has
749 2586 882 2652 fabulas
906 2605 1009 2650 sensu
1035 2606 1113 2650 uum
1136 2587 1223 2651 libro
1248 2591 1346 2652 lertio
1373 2591 1457 2654 nihil

234 2703 417 2765 congruere
434 2689 574 2766 apparet
589 2705 630 2748 ex
644 2703 714 2747 una
729 2683 852 2748 labella
871 2709 882 2741 ι
901 2685 1006 2748 Malas
1019 2685 1236 2749 essedivitias
1250 2713 1263 2742 »
1281 2687 1378 2768 (Hav.
1393 2689 1454 2768 89),

135 2857 137 2864 Ι
233 2801 335 2864 quam
351 2783 517 2864 Eutyche,
536 2783 608 2844 viro
624 2783 725 2845 unice
741 2785 870 2845 attento
887 2784 1050 2863 quaesitIs
1065 2782 1191 2847 divitiis
1206 2787 1240 2846 el
1255 2787 1457 2865 quaerendis

233 2887 277 2960 (v.
294 2881 379 2944 Prol.
402 2881 454 2962 llll
471 2898 646 2962 nunquam
663 2879 812 2962 profecto
828 2885 927 2962 poeta
938 2880 1084 2943 scribere
1100 2899 1209 2962 neque
1226 2884 1334 2962 potuit
1347 2902 1455 2966 neque

233 2998 339 3044 aursus
355 2985 453 3044 esset.

236 3067 238 3076 ⁴
272 3081 304 3142 3⁰
319 3079 356 3140 ln
372 3105 389 3160 γ
405 3083 518 3140 autem
532 3077 629 3156 (Hav.
646 3077 754 3158 61-77)
770 3078 933 3158 comperit
947 3078 983 3139 L.
1008 3078 1116 3139 Havet
1132 3077 1240 3161 (6196)
1256 3097 1369 3144 versus
1384 3083 1453 3155 255,

232 3176 349 3240 titulos
371 3179 420 3256 ll,
446 3195 549 3239 uuam
574 3175 771 3256 (tantumli)
793 3175 917 3237 lineam
942 3175 1122 3238 scribendo
1139 3175 1217 3239 libri
1234 3178 1329 3241 titulo
1346 3195 1455 3240 reser-

231 3280 355 3351 vatam,
372 3277 406 3336 in
423 3293 589 3337 summam
605 3275 711 3338 lineas
726 3273 786 3336 riu
801 3299 838 3328 :
855 3274 892 3364 39
907 3287 947 3344 ><
961 3278 991 3349 9,
1009 3279 1162 3337 ettotam
1188 3276 1308 3338 seriem
1330 3293 1451 3339 novem

231 3374 387 3437 loliorum
404 3373 674 3455 (HIKLMNOPQ)
693 3397 704 3430 u
724 3373 821 3453 quasi
837 3390 942 3434 unum
957 3371 1167 3435 individuum
1186 3375 1422 3454 corpusculum
1439 3399 1451 3431 ›

215 3473 305 3536 'loco
320 3477 443 3550 movet,
456 3471 637 3553 adjicitque
649 3476 736 3535 libro
751 3473 852 3534 lertio
863 3475 939 3550 post
955 3469 1103 3532 fabulam
1119 3491 1134 3532 r
1149 3477 1304 3548 Aesopus
1318 3455 1360 3550 up
1371 3479 1455 3536 Gur·

230 3577 307 3635 ricto
326 3596 339 3627 »
358 3569 478 3633 adhoc
493 3570 672 3643 adductus
688 3569 797 3639 credo,
815 3569 905 3649 quod
921 3569 1053 3648 epilogo
1067 3571 1282 3650 praepositus
1299 3575 1349 3633 est
1366 3572 1450 3633 tilu-

148 3661 153 3668 ’
231 3673 282 3732 lus
301 3694 313 3726 ι
330 3675 424 3734 Idem
437 3672 539 3746 poeta
557 3689 572 3730 a
588 3668 663 3750 197),
682 3685 792 3749 neque
814 3667 948 3728 videtur
972 3669 1127 3747 epilogus
1152 3666 1283 3749 sejungi
1307 3687 1409 3747 posse
1435 3688 1454 3730 a

230 3767 353 3831 labella
368 3768 582 3850 praecedenti
597 3768 652 3828 cui
668 3765 788 3828 titulus
804 3769 886 3827 estu
905 3769 1011 3829 Poeta
1028 3790 1057 3826 n.

269 3869 312 3930 At
327 3867 356 3928 si
372 3865 554 3947 separatim
570 3862 796 3928 considerabis
808 3863 976 3942 epilogum
991 3864 1035 3925 111
1048 3882 1126 3926 cum
1136 3864 1273 3945 prologo
1288 3866 1343 3941 lV,
1361 3865 1451 3927 inve·

231 3967 303 4028 nies
318 3965 352 4026 in
368 3964 436 4027 illis
451 3981 569 4026 versus
587 3964 637 4038 55,
655 3962 769 4024 titulos
794 3964 864 4022 2:
879 3962 986 4024 lineas
1001 3964 1049 4025 57.
1068 3963 1129 4025 Cui
1146 3981 1286 4026 numero
1306 3964 1334 4026 si
1356 3963 1450 4026 addi-

228 4063 329 4138 deris,
346 4066 381 4124 ut
398 4078 545 4142 aequum
571 4063 634 4132 est,
662 4078 729 4123 non
754 4077 857 4122 unam
883 4059 1019 4138 lineam,
1046 4061 1104 4123 sed
1129 4065 1198 4123 tres
1223 4062 1330 4124 lineas
1353 4062 1450 4123 titulo
1491 4087 1494 4096 ⁴

227 4159 304 4222 libri
321 4158 616 4242 quartiscribendo
630 4162 830 4236 reservatas,
845 4156 985 4221 habebis
999 4159 1033 4220 in
1048 4175 1213 4221 summam
1224 4161 1263 4224 60
1281 4185 1318 4215 =
1335 4162 1372 4225 30
1382 4163 1450 4231 ><2

227 4260 345 4332 lineas,
363 4258 396 4320 id
412 4262 463 4320 est
477 4257 558 4320 folia
573 4258 639 4320 duo
657 4257 718 4328 Po.
736 4256 819 4318 Tum
836 4257 870 4318 iu
886 4255 1169 4336 praecedentibus
1183 4255 1308 4320 fabulis
1324 4277 1339 4318 c
1356 4275 1376 4319 a
1391 4255 1449 4319 fic·

228 4359 359 4420 tione...
389 4380 400 4412 i
430 4380 484 4416 ...«
508 4357 615 4418 Poeta
636 4355 686 4435 (de
711 4354 892 4435 Simonide)
920 4377 931 4410 a
960 4353 1063 4432 (Hav.
1089 4355 1197 4436 61-75)
1230 4359 1450 4420 numerantur

229 4473 346 4532 versus
363 4453 453 4533 199¹,
472 4455 559 4517 tituli
576 4455 623 4527 19,
643 4455 678 4514 in
699 4470 864 4516 summam
891 4454 999 4515 lineae
1024 4455 1103 4530 211;
1135 4456 1168 4514 at
1190 4471 1258 4516 non
1284 4454 1446 4516 adnume-

258 4676 279 4724 l.
303 4675 458 4726 Omittendus
482 4676 507 4722 in
530 4675 816 4748 computationefversus
836 4672 875 4734 74,
899 4673 911 4720 1
938 4673 1012 4734 [Nihil
1032 4687 1103 4735 agere
1125 4673 1189 4736 quod
1204 4689 1250 4721 non
1267 4674 1344 4735 prosit
1359 4673 1448 4723 labella

224 4747 325 4810 indicat]
340 4748 366 4794 in
380 4746 412 4807 X,
428 4745 510 4806 cred0,
522 4745 621 4795 additus
633 4759 664 4793 ex
674 4745 715 4804 ou
726 4745 754 4794 13
765 4745 865 4807 (mutato
876 4749 954 4794 tamen
970 4764 981 4789 u
998 4748 1117 4793 ammonet
1134 4763 1145 4788 »
1156 4745 1202 4792 in«
1216 4744 1310 4794 indicat
1327 4746 1359 4808 ”b
1375 4749 1446 4808 alque

224 4818 276 4867 sine
291 4818 367 4867 dubio
381 4819 443 4868 inter
457 4817 534 4866 lineas
548 4816 696 4879 adscriptus.
