3612 5638
520 569 807 626 11111111111111
830 567 934 616 seusu
958 567 1151 626 nncounrro.
1412 547 1449 611 17

212 771 223 780 ,,
250 711 318 796 {De
333 710 470 800 ,Fabula
498 717 646 776 ‹Raooc
666 713 853 792 orelueutes
881 715 1077 776 Taurorum
1094 713 1260 792 proella»
1286 707 1384 790 (Hav.
1401 709 1451 794 31)

229 809 306 872 ride
327 803 439 890 supra,
461 827 515 890 pp.
538 812 644 874 11)-11.
939 869 941 876 ,
1011 795 1013 804 ’

267 907 421 988 Denique
445 908 481 970 in
505 905 629 970 fabella
656 913 817 972 «Miluus
840 911 872 971 et
897 911 1106 970 Columbae»
1131 906 1224 987 (Har.
1249 904 1297 985 31)
1320 903 1454 970 videtur

229 1005 419 1068 Phaedrum
433 1007 606 1086 poenitere
621 1005 869 1092 imprudentiae
883 1023 975 1078 suae,
991 1004 1082 1086 quod
1100 1028 1111 1062 1
1129 1005 1258 1066 homini
1272 1002 1450 1082 improbo»

215 1105 262 1164 ¹et
277 1121 293 1164 r
310 1102 483 1180 bilingui»
511 1101 566 1184 (cl.
583 1101 651 1166 fab.
668 1104 709 1182 ll,
727 1104 755 1174 5,
773 1105 857 1166 Hav.
875 1101 938 1186 38),
962 1103 1102 1164 delatori
1127 1103 1266 1179 scilicet,
1290 1099 1452 1173 conlisus

228 1204 374 1265 coritium
396 1202 576 1276 invenerit.
600 1203 648 1264 De
673 1219 742 1281 qua
766 1219 802 1264 re
826 1202 907 1266 dum
927 1201 1100 1280 recogitat,
1118 1199 1183 1264 sibi
1197 1200 1272 1280 ipse
1286 1199 1453 1274 irascitur,

230 1316 340 1380 neque
355 1302 501 1374 multum
518 1299 614 1362 abest
629 1301 710 1381 quin
736 1318 772 1362 se
796 1299 937 1362 stolidae
963 1298 1189 1380 simplicitatis
1214 1299 1352 1360 meritas
1377 1295 1456 1358 dare

232 1413 358 1484 paenas
373 1396 571 1485 profiteatur
586 1417 593 1460 :

810 1581 813 1588 ·
880 1579 882 1586 ·
924 1556 1027 1608 Merito
1042 1555 1206 1620 plectimur,
1223 1579 1225 1590 ·

478 1638 565 1703 [Huic
582 1633 720 1703 spiritum
739 1637 878 1703 praedoni
894 1649 969 1701 quae
986 1635 1209 1700 commisimus]

271 1861 449 1923 Praeterea
472 1863 590 1924 notatu
614 1861 752 1938 dignum
768 1863 818 1923 est
832 1859 922 1940 quod
937 1876 1063 1922 vocem
1073 1859 1164 1924 illam
1182 1863 1356 1924 «erilium
1373 1884 1386 1918 1
1404 1861 1459 1923 hio

233 1957 387 2022 adhibuit
405 1959 561 2035 Phaeder,
579 1961 665 2021 utin
682 1959 814 2040 epilogo
824 1957 920 2041 (Hav.
937 1961 986 2033 43,
1003 1958 1046 2037 7),
1063 1957 1105 2020 ad
1121 1958 1346 2022 calamitatem
1362 1977 1459 2024 suam

235 2055 499 2136 significandam.
1432 2099 1435 2104 -

238 2175 241 2182 ·
271 2155 396 2220 Omnes
424 2154 526 2234 igitur
555 2153 632 2216 libri
663 2153 805 2217 secundi
835 2152 975 2217 tabellae
1000 2171 1078 2216 oum
1103 2155 1240 2234 prologo
1268 2159 1301 2217 et
1328 2154 1459 2236 epilogo

222 2253 415 2333 aptissime
433 2255 637 2331 congruunt,
662 2269 771 2333 neque
797 2252 923 2314 inillis
949 2251 1037 2314 aliud
1061 2253 1244 2333 quicquam
1265 2253 1461 2330 designatur

217 2368 334 2430 :quam
346 2351 458 2431 ipsius
472 2355 591 2432 poetae
603 2349 744 2414 affectus
755 2368 846 2412 nunc
857 2351 997 2427 gloriam
1009 2349 1073 2412 sibi
1084 2349 1232 2413 debitam
1244 2352 1458 2426 vindicantis,

231 2465 324 2512 nuno
339 2448 544 2530 deplorantis
567 2449 793 2513 calamitatem
813 2467 923 2523 suom,
945 2466 1036 2511 nunc
1061 2449 1208 2512 inimicis
1232 2451 1412 2513 irascentis
1428 2455 1463 2512 et

232 2547 440 2610 minitantis..
544 2573 546 2577 ’

698 2775 747 2832 De
768 2773 853 2833 ltoro
875 2771 987 2833 lertio.

271 2982 409 3046 Librum
424 2983 561 3045 tertium
584 3000 685 3063 supra
709 2973 1013 3046 demonstravimus
1029 2983 1075 3062 (p.
1093 2981 1144 3062 ll)
1159 2983 1355 3063 aliquandiu
1379 2986 1457 3063 post

232 3082 344 3162 Sejani
359 3085 518 3156 mortem,
535 3081 748 3160 imperitante
764 3081 918 3158 Claudi0‚
941 3082 977 3142 in
998 3082 1172 3161 publicum
1187 3099 1262 3144 esse
1284 3081 1455 3144 emissum.

232 3181 309 3242 Jam
328 3179 501 3242 commode
525 3183 682 3260 potuerat
702 3178 854 3241 Phaeder
877 3196 983 3240 novas
1007 3178 1154 3241 scribere
1178 3177 1322 3254 fabulas,
1340 3184 1373 3243 et
1399 3195 1457 3242 eos

232 3278 381 3341 deridere
396 3295 457 3358 per
467 3295 554 3358 quos
565 3295 584 3338 a
594 3276 715 3358 Sejano
725 3281 797 3340 erat
808 3294 1002 3358 oppressus,
1016 3280 1074 3338 aut
1085 3293 1230 3357 quorum
1241 3277 1454 3340 insolentiam

231 3377 371 3457 impune
382 3373 469 3438 ferre
479 3375 646 3438 hactenus
657 3379 796 3438 coactus
808 3379 888 3438 erat.
902 3375 996 3447 Quod
1006 3374 1139 3438 fecisset
1150 3375 1313 3456 profecto,
1324 3377 1455 3455 opinor,

218 3475 261 3536 *si
276 3491 329 3536 res
340 3461 545 3551 ¹'gravissima
560 3474 591 3535 ei
608 3491 675 3535 non
691 3472 869 3537 accidisset
886 3493 892 3534 :
911 3475 1063 3554 suscepit
1087 3475 1187 3548 enim,
1214 3472 1343 3535 edendo
1369 3472 1455 3536 libro

233 3571 393 3649 secund0,
411 3589 518 3634 novas
537 3571 744 3646 inimicitias,
767 3587 955 3652 rursusque
980 3574 1015 3634 in
1040 3589 1206 3633 summam
1230 3572 1457 3634 calamitatem

215 3683 217 3688 ’
233 3669 399 3733 adductus
415 3673 478 3734 est.
496 3672 647 3733 Fuerunt
662 3671 807 3751 primum
823 3671 881 3750 qui
905 3673 1041 3734 doctum
1065 3670 1136 3750 ejus
1157 3675 1310 3734 laborem
1332 3671 1457 3750 Aesopi

232 3765 367 3832 fabellis
394 3766 585 3832 inferiorem
607 3767 780 3841 haberent,
803 3772 836 3828 et
860 3785 879 3828 a
902 3767 1026 3848 quibus
1051 3767 1200 3830 Phaeder
1221 3771 1399 3843 fastidioso
1421 3773 1458 3830 tu

232 3870 363 3930 coetum
377 3871 552 3947 poetarum
567 3869 780 3943 reciperetur
795 3865 889 3946 (prol.
908 3885 938 3928 v⁴
956 3866 1025 3946 23);
1053 3866 1109 3928 alii
1134 3868 1235 3929 etiam
1261 3867 1329 3947 qui,
1356 3864 1398 3927 ad
1422 3883 1458 3928 se

233 3964 404 4027 trahentes
424 3981 661 4044 quaecumque
680 3965 715 4026 in
739 3963 872 4026 fabellis
897 3963 1112 4040 notabantur,
1130 3962 1265 4044 poetam
1288 3964 1458 4027 hominem

233 4078 306 4124 esse
321 4061 525 4141 improbum,
544 4063 696 4123 omnium
711 4064 907 4140 contemptu
923 4060 1060 4138 dignum
1075 4061 1328 4139 contenderent,
1347 4064 1456 4124 mina-

235 4163 422 4240 renturque
438 4162 466 4222 ei
484 4178 519 4222 se
533 4159 729 4238 gravissima
744 4161 878 4236 negotia
903 4156 1132 4222 facessituros.
1162 4158 1299 4221 Librum
1323 4162 1459 4222 tertium

232 4261 269 4320 ut
297 4260 448 4338 utrisque
482 4258 717 4340 responderet,
751 4257 871 4319 horum
899 4258 1053 4338 ineptum
1082 4256 1247 4338 judicium
1281 4257 1457 4336 derideret,

232 4348 366 4419 illorum
391 4355 474 4418 falsa
499 4357 642 4418 crimina
667 4355 893 4436 propulsaret,
911 4357 1123 4435 conscripsit.
1150 4357 1326 4437 Nusquam
1350 4357 1460 4418 acrior

232 4451 297 4532 fuit
306 4457 338 4516 et
347 4456 384 4516 in
395 4451 620 4534 impugnando
633 4456 667 4515 et
677 4454 712 4514 in
723 4451 948 4530 detendendo;
961 4469 1128 4533 nusquam
1139 4455 1293 4534 proprios
1305 4453 1457 4527 affectus,

222 4554 309 4636 irati
326 4553 388 4614 viri
412 4557 443 4616 et
469 4552 503 4614 in
527 4553 686 4614 inimicos
710 4551 929 4628 indignantis,
947 4555 1019 4613 tum
1034 4556 1213 4632 patronum
1231 4551 1457 4632 deprecantis,

223 4645 419 4715 ''studiosius
445 4637 620 4730 exposuit]
644 4649 715 4713 Nec
737 4649 808 4730 jam
835 4637 1035 4729 plerumque
1067 4648 1178 4713 dubiis
1195 4637 1317 4713 ¹verbis
1340 4651 1458 4728 utitur,

234 4765 365 4824 rernm,
392 4765 460 4829 quo
486 4745 620 4810 facilius
643 4746 686 4809 ab
711 4747 864 4827 Eutycho
888 4746 1115 4824 intellegatur,
1141 4748 1214 4828 ipse
1239 4765 1301 4811 suo
1327 4748 1461 4810 nomine

239 4835 357 4930 aperte
380 4847 415 4910 in
438 4863 576 4909 scenam
600 4845 710 4926 prodit
733 4851 766 4907 et
787 4847 893 4909 lotam
913 4843 1072 4908 fabellam
1095 4845 1159 4909 sibi
1180 4847 1280 4909 unice
1302 4847 1461 4929 scriptam
