3636 5652
619 557 661 603 nn
682 558 805 604 eunius
826 557 1061 604 rnsrtnnauu.
1412 540 1451 604 iit

230 702 318 764 mala
333 701 553 776 minarentur,
570 706 795 783 pararentque
811 702 879 764 vim
894 702 1010 764 afferre
1022 705 1055 766 et
1069 703 1106 766 in
1121 701 1302 764 maximum
1319 701 1451 782 pericu-

229 801 301 862 lum
326 817 403 862 eum
425 798 589 864 adducere
616 825 622 859 ι
650 800 785 863 nonnisi
817 800 907 862 enim
937 800 1084 862 hominis
1113 798 1154 862 ad
1183 799 1451 878 desperationem

230 897 363 960 adducti
388 899 421 958 et
445 896 486 959 ab
502 897 649 960 inimicis
664 897 817 979 oppressi
832 902 863 960 et
885 897 954 978 jam
976 899 1147 978 pereuntis
1172 914 1273 960 voces
1290 896 1353 960 hae
1376 915 1451 960 esse
1496 942 1501 954 .

231 998 414 1077 potuerunt
430 1015 437 1056 :

403 1182 533 1237 Stultum
545 1181 700 1236 admouere
713 1182 767 1234 tihi
781 1195 880 1247 preces
894 1183 1062 1246 existtimol.
1202 1258 1254 1302 Μ
1317 1259 1344 1302 ἳο

1191 1262 1199 1310 (
1227 1259 1236 1300 ²·
1256 1290 1270 1310 -‚
1284 1271 1304 1302 v.
1347 1262 1362 1311 Ι)

408 1420 603 1483 .‘..Gra[viterl
619 1431 665 1472 me
679 1421 814 1484 tlultlalre
828 1419 940 1484 judicio
957 1424 1008 1471 tuo

1274 1505 1306 1550 (v.
1319 1499 1352 1543 27.

404 1580 543 1634 Proclivis
559 1579 634 1632 ultro
649 1581 739 1644 [ulum
755 1579 795 1632 sit
811 1579 1022 1640 misericordia,
1354 1502 1363 1551 )

405 1662 519 1727 8Ῐα]ορθ
533 1660 702 1726 impetravit
715 1660 831 1714 veniam
845 1660 998 1712 confessus
1014 1673 1092 1721 reus.

405 1742 522 1803 Quanto
537 1739 687 1794 innocenti
699 1739 812 1803 justius
827 1740 914 1792 dehet
929 1738 1013 1792 darii

1232 1823 1264 1872 (v.
1277 1820 1362 1874 nl-ss.)
1383 1831 1385 1836 ’

275 2022 396 2084 Contra
428 2019 584 2082 inimicos
617 2036 695 2082 erun
719 2018 801 2081 nihil
831 2017 955 2080 habeat
987 2017 1076 2099 quod
1110 2017 1312 2097 respondeat
1348 2034 1457 2097 neque

236 2119 309 2199 ipse
325 2135 362 2182 se
377 2115 558 2179 defendere
573 2117 691 2198 possit,
709 2114 750 2178 ad
765 2115 957 2196 Eutychum
975 2114 1124 2193 confugit
1140 2116 1198 2196 qui
1214 2119 1313 2178 antea
1331 2117 1456 2195 promi·

236 2220 327 2278 serat
348 2233 384 2278 se
406 2213 548 2279 fabellas
567 2215 734 2278 lecturum
758 2213 813 2295 (cf.
831 2219 925 2278 Prot.
948 2213 1121 2277 «Phaedri
1140 2212 1274 2300 libellos
1294 2214 1404 2292 legere
1429 2213 1458 2274 si

234 2313 434 2378 desideras»
450 2312 497 2394 (v,
515 2312 556 2395 l),
573 2313 846 2396 promissumque
862 2313 892 2374 ei
909 2315 1082 2384 memorat,
1100 2315 1144 2389 et,
1167 2329 1234 2393 quo
1255 2313 1353 2374 citius
1368 2311 1458 2388 legat

235 2413 435 2493 auctorique
446 2409 571 2487 faveat,
584 2413 721 2474 tertium
737 2409 887 2473 libellum
899 2410 972 2491 ejus
985 2435 999 2466 α
1011 2410 1132 2474 honori
1142 2413 1175 2472 et
1185 2411 1312 2472 meritis
1322 2407 1391 2490 ›(v.
1405 2409 1457 2487 30)

236 2506 380 2569 dedicat.
398 2507 478 2567 Orat
492 2522 570 2568 eum
584 2508 620 2566 ut
637 2499 735 2586 qnasi
750 2503 856 2585 judex
872 2508 938 2568 stet
953 2505 1040 2567 inter
1054 2521 1150 2566 reum
1166 2508 1199 2566 et
1214 2507 1430 2566 occursatores
1448 2521 1455 2563 ε

235 2607 393 2686 properet
408 2619 509 2684 quam
528 2603 752 2665 attentissimo
767 2603 886 2664 'animo
909 2600 1051 2665 labellus
1073 2601 1241 2682 perlegere
1262 2601 1311 2682 (in
1334 2599 1457 2682 quihus

235 2699 467 2764 defensionem
480 2702 532 2764 sui
547 2717 679 2782 summa
695 2705 765 2764 arte
780 2704 880 2781 poeta
894 2701 1120 2782 conseripsit),
1131 2701 1285 2762 hortatur
1296 2724 1310 2754 a
1324 2703 1361 2760 nt
1373 2697 1457 2760 liber

203 2843 205 2847 ψ
236 2800 368 2862 animus
385 2800 454 2861 vim
475 2799 599 2862 sentiat
619 2797 778 2862 carminis
798 2821 813 2856 s
836 2796 882 2878 (v.
903 2797 1056 2880 aliaest
1076 2815 1213 2862 sensum
1235 2797 1455 2864 reconditum.

237 2897 453 2960 innocentiae
469 2915 549 2962 suae
564 2900 667 2961 testes
683 2897 795 2960 nullos
810 2896 914 2960 habet
935 2917 942 2959 :
965 2914 1046 2960 num
1065 2897 1154 2970 enim
1170 2896 1332 2976 impedire
1347 2897 1457 2975 potuit

235 2997 315 3077 qarin
332 2996 381 3057 illi
397 2999 497 3078 atque
512 2995 562 3057 illi
580 3019 592 3052 ι
609 2994 652 3058 ad
669 3013 705 3058 se
720 2996 889 3075 rapientes
905 2994 1080 3077 quoderat
1094 3011 1272 3058 commune
1292 2995 1454 3063 omnium,

233 3094 334 3156 stulte
350 3093 512 3157 nudarent
528 3094 632 3155 animi
647 3094 914 3156 conscientiam?
931 3117 943 3150 ι
962 3091 1009 3156 cf.
1026 3094 1126 3169 Hau,
1143 3093 1182 3156 43
1197 3111 1230 3154 v.
1254 3093 1372 3173 ῗ2-23).
1396 3093 1455 3154 lsli

235 3196 347 3254 autem
372 3193 407 3254 in
431 3192 601 3254 hominem
628 3215 642 3246 u
666 3190 836 3272 plebeium
862 3217 875 3246 a
900 3192 1010 3271 (Hau,
1035 3193 1084 3265 76,
1107 3211 1139 3252 v.
1160 3191 1222 3271 dil,
1244 3192 1335 3253 omni
1352 3192 1457 3252 tutela

234 3293 398 3368 egentem,
415 3290 499 3352 nihil
515 3307 581 3352 non
598 3287 732 3352 audent.

272 3389 389 3468 ltaque
403 3387 555 3450 Phaeder
572 3407 581 3451 ε

558 3573 740 3637 Integritatis
754 3573 805 3637 qni
821 3573 949 3626 sincerae
963 3573 1099 3627 conscius

550 3659 572 3705 Α
588 3653 742 3705 noxiorum
758 3653 901 3717 premitur
916 3653 1102 3718 insolentlilis

1142 3735 1221 3788 (eura,
1236 3747 1260 3778 v.
1276 3737 1360 3788 so-sl).

234 3958 247 3989 a
266 3933 481 3996 bonitatem»
501 3932 542 4013 (v.
560 3931 610 4007 lli
630 3935 663 3994 et
679 3955 695 3987 α
711 3930 975 3994 misericordiam
991 3957 1006 3988 »
1023 3933 1066 4012 (v.
1084 3933 1134 4014 al)
1150 3932 1293 4013 Eutychi
1308 3933 1452 4015 supplex

235 4033 401 4113 implorat.
431 4031 507 4094 Non
536 4029 665 4092 dubitat
695 4030 778 4111 quin
805 4031 1038 4093 testimonium
1062 4030 1143 4092 illnd
1168 4032 1276 4112 ipsius
1301 4033 1348 4093 rei
1373 4033 1454 4096 satis

232 4129 410 4192 habiturus
426 4131 469 4191 sit
486 4130 537 4190 vir
551 4126 699 4209 probns;
715 4132 877 4210 rogatque
894 4144 971 4191 eum
988 4147 1029 4191 ne
1045 4129 1158 4212 specie
1173 4130 1370 4211 decipiatur,
1393 4130 1453 4193 sed

233 4233 268 4289 ut
285 4228 474 4291 innocentis
489 4225 601 4308 plebei
615 4225 779 4289 adversus
794 4226 914 4290 divites
928 4243 1074 4308 nequam
1087 4228 1196 4308 palam
1207 4226 1265 4291 liat
1277 4233 1452 4309 patronus.

230 4325 383 4407 Denique
401 4325 509 4388 taedio
524 4323 701 4387 confectus
711 4324 806 4404 jurat
822 4343 857 4387 se
872 4325 956 4387 nihil
972 4325 1117 4406 amplius
1132 4344 1282 4408 unquam
1302 4327 1450 4409 scriptu-

232 4423 330 4496 rum¹‚
349 4441 391 4486 ne
405 4422 581 4485 malevolis
597 4439 714 4486 ansam
734 4423 789 4485 det
811 4421 853 4484 ad
873 4423 1146 4486 calumniandum
1161 4429 1194 4487 et
1210 4426 1448 4492 accusandum.

255 4651 275 4690 1.
530 4646 577 4701 Ego
589 4644 700 4700 qnondam
716 4644 759 4699 logi
769 4655 835 4698 qrram
849 4643 921 4699 puell]
936 4645 1067 4690 seutentiam

537 4723 547 4748 ι
564 4708 637 4750 Palam
653 4708 742 4750 muttire
757 4707 844 4761 plebeio
857 4707 966 4762 piaculum
982 4715 1039 4750 esta

536 4771 593 4813 Dum
606 4771 692 4812 sanitas
706 4771 815 4813 constabit
825 4770 916 4825 pulchre
929 4771 1067 4826 memiulero]
1080 4774 1113 4824 (v.
1125 4773 1210 4825 ss-st).

229 4879 241 4905 a
264 4860 361 4910 muttire
383 4876 395 4906 a
421 4861 460 4908 hic
481 4860 545 4909 valet
572 4880 583 4904 a
609 4860 717 4909 scribere
737 4877 759 4920 »,
783 4873 860 4922 neque
881 4873 968 4908 versos
988 4861 1018 4908 ad
1042 4862 1142 4912 verbnm
1164 4863 1335 4926 intelligendus
1355 4870 1406 4927 est,
1425 4871 1451 4916 ut
