3636 5652
360 485 397 549 rt
865 503 945 548 rans
968 503 1074 549 Puloa.

359 644 484 706 raudus
498 643 631 707 videtur
642 646 761 709 titulus
776 647 814 708 75
831 668 847 702 α
864 647 966 711 Poeta
978 665 1007 720 i,
1017 645 1116 725 juxta
1126 646 1273 726 primum
1284 645 1420 710 fabulae
1431 665 1579 719 versum,

234 789 236 794 .
359 741 448 820 quod
473 758 719 822 nonnunquam
745 741 803 818 fit,
830 742 1027 824 adscriptus.
1054 747 1112 806 Est
1132 744 1235 821 igitur
1259 760 1389 807 summa
1417 745 1581 808 linearum

359 842 416 902 titt
433 865 470 894 :
486 840 523 904 30
540 857 577 907 ><
593 844 622 918 7,
641 858 728 920 quae
745 844 874 922 sepiem
888 840 969 903 lolia
980 841 1197 922 (HlKLMNOl
1213 840 1395 906 elficiuut¹.
1415 844 1531 924 ltaque
1546 845 1582 905 in

357 963 374 1018 γ
400 937 532 1018 sejungi
551 941 664 1018 potest
680 957 756 1018 pars
772 940 863 1019 prior
885 941 977 1020 (Hau.
1005 939 1124 1013 64-75;
1149 939 1183 1002 ll.
1212 941 1423 1022 HIKLMNO)
1447 958 1467 1003 a
1489 947 1582 1022 parte

359 1035 542 1114 posteriore
559 1036 653 1116 (Hav.
670 1037 708 1098 76
724 1035 763 1116 -)-
779 1038 837 1111 77;
855 1036 888 1100 ff.
907 1037 981 1118 ΡΟ).

397 1133 495 1196 Nunc
511 1137 623 1196 autem
650 1136 709 1214 qui
736 1134 878 1196 fabellas
894 1137 986 1214 ipsas
1003 1136 1210 1214 perspexerit
1226 1140 1260 1198 et
1284 1153 1362 1198 cum
1387 1135 1463 1199 libri
1492 1136 1582 1199 tertii

357 1237 491 1302 fabellis
513 1240 707 1319 contulerit,
729 1241 820 1303 haud
844 1240 1013 1303 dubitabit
1037 1246 1165 1320 partem
1191 1243 1336 1322 priorem
1356 1241 1439 1305 libro
1463 1248 1582 1325 quarto

358 1336 517 1410 tribuere,
544 1355 612 1400 non
635 1340 744 1401 tertio.
771 1340 902 1401 Etenim
926 1340 960 1401 iu
986 1340 1180 1402 HIKLMNO
1197 1339 1265 1403 lere
1281 1341 1410 1403 nullam
1424 1340 1582 1404 fabellam

358 1452 419 1512 ego
437 1435 533 1498 video
551 1453 639 1516 quae
655 1434 730 1497 libri
747 1437 901 1516 Eutycho
917 1435 1062 1499 dedicati
1089 1436 1132 1498 ab
1159 1438 1296 1500 homine
1319 1437 1527 1501 infortunato
1550 1445 1582 1502 et

357 1533 510 1613 supplice
526 1551 601 1596 esse
617 1534 775 1613 potuerit.
799 1531 885 1605 Quid
907 1534 997 1596 enim
1021 1534 1060 1596 ad
1085 1552 1246 1616 praeseus
1271 1539 1403 1616 tempus
1428 1539 1581 1616 spectant

357 1648 477 1692 versus
501 1631 551 1692 illi
575 1629 627 1710 (H.
659 1631 709 1711 64)
734 1632 773 1693 αθ
799 1632 915 1708 lingua
939 1631 1114 1694 mulieris‘.l
1138 1633 1222 1704 Quid
1247 1632 1362 1694 fabula
1378 1632 1527 1696 obscena
1542 1639 1582 1696 αθ

357 1729 558 1791 Prometheo
572 1726 625 1812 (He
644 1727 694 1809 65)
711 1731 726 1789 ⁶?
748 1729 831 1800 Quid
854 1727 978 1791 labella
999 1749 1015 1791 ‹
1031 1735 1071 1793 αθ
1094 1731 1215 1807 cepres
1231 1734 1386 1794 careatis
1403 1749 1418 1792 a
1433 1731 1486 1812 (H.
1504 1732 1582 1811 ddl‘?

356 1826 441 1897 Quid
455 1825 580 1888 labella
596 1851 612 1882 «
628 1832 669 1889 αθ
683 1829 846 1890 Fortunio·
860 1832 1036 1890 homiuum
1061 1848 1076 1889 r>
1102 1829 1155 1908 (H.
1182 1829 1243 1911 67),
1270 1831 1304 1891 in
1330 1848 1432 1911 quam
1454 1830 1582 1893 inducit

357 1923 507 1986 Phaeder
521 1927 689 2005 Aesopum
706 1926 870 1988 solacium
886 1925 1079 1990 afferentem
1094 1926 1363 2008 periclitantibus
1383 1947 1389 1990 :

590 2141 601 2165 a
619 2123 705 2172 Parce
720 2120 848 2185 gaudere
866 2126 981 2186 oportet
996 2127 1026 2174 et
1041 2123 1141 2172 sensim
1158 2123 1254 2187 queri:

590 2201 692 2252 Totam
708 2200 793 2265 pulis]
811 2200 905 2254 vitam
924 2202 1029 2254 miscet
1046 2202 1126 2254 dolor
1142 2208 1174 2255 et
1188 2202 1328 2267 gaudium
1346 2223 1357 2248 υ

1321 2305 1368 2356 (vv.
1380 2303 1448 2354 u-lo).

358 2533 529 2614 cumipse
550 2534 637 2596 etin
658 2534 779 2596 ceteris
801 2535 902 2597 totius
922 2532 998 2596 libri
1019 2532 1171 2614 partibus
1192 2538 1225 2598 et
1245 2535 1279 2597 in
1299 2535 1431 2614 epilogo
1451 2533 1505 2612 (H.
1530 2534 1581 2614 76)

267 2689 269 2693 .
360 2631 529 2695 miseriam
544 2649 638 2694 suam
655 2637 895 2713 conqueratur,
913 2633 1127 2713 clametque:
1175 2657 1178 2664 ¹

703 2827 754 2878 Sed
770 2827 915 2891 difficulter
934 2829 1084 2878 continetur·
1100 2829 1213 2892 spiritus

701 2909 883 2972 Integritatis
899 2908 949 2973 qui
964 2909 1095 2960 sincerae
1109 2907 1245 2959 conscius

703 2993 725 3041 Α
741 2992 895 3040 noxiorum
912 2989 1056 3052 premitur
1072 2988 1283 3052 insolenttiits‘t

1316 3091 1361 3138 (vv.
1371 3087 1449 3140 uest).

401 3305 483 3378 Quid
507 3304 572 3366 alia
593 3301 738 3367 obscena
763 3310 840 3367 «αθ
865 3309 1010 3367 Canibus
1034 3309 1079 3366 αα
1102 3308 1222 3366 Iouem
1241 3309 1356 3368 mirata
1383 3329 1395 3361 »
1423 3305 1477 3386 (Η.
1504 3304 1581 3388 68))

362 3403 591 3465 Nonnestulte
603 3401 763 3478 Phaeder,
782 3402 861 3463 dum
877 3404 949 3482 ipse
967 3426 981 3457 (ι
999 3401 1264 3464 misericordiam
1276 3429 1291 3458 »
1304 3405 1451 3483 Eutychi
1467 3405 1600 3484 implos

362 3506 423 3576 rat,
439 3503 632 3576 serpentem
651 3503 867 3563 inisericordi
880 3506 1038 3563 noctuam
1053 3502 1308 3564 memoravisset
1326 3502 1374 3582 [H.
1393 3503 1471 3583 teti
1496 3503 1582 3564 Num

363 3601 432 3661 viro
449 3599 543 3660 diviti
559 3600 616 3678 qui
631 3619 645 3658 t
662 3615 802 3674 magnas
815 3616 896 3678 opes
909 3615 1110 3676 exaggerare
1126 3598 1312 3678 quaerebat
1327 3603 1418 3662 omni
1435 3601 1580 3676 vigilia»

362 3697 519 3760 tabellam
538 3720 548 3752 r
566 3702 607 3758 αθ
624 3701 725 3772 Vutpe
740 3699 770 3759 et
786 3703 943 3761 ‚Dracone
960 3721 973 3751 »
992 3697 1085 3777 (Hav,
1104 3699 1153 3778 70)
1174 3696 1286 3759 dicare
1311 3699 1430 3778 potuit,
1458 3699 1493 3759 in
1517 3717 1584 3778 qua

363 3798 410 3859 ait
426 3821 439 3852 ιι
457 3797 527 3857 Diis
544 3813 615 3858 esse
630 3795 724 3857 iratis
748 3800 846 3857 natos
872 3818 883 3851 l
911 3795 956 3872 (v.
982 3795 1032 3874 l5)
1055 3811 1113 3856 ecs
1136 3796 1193 3874 qui
1215 3794 1256 3856 ad
1272 3798 1452 3874 pecuniam
1466 3800 1583 3860 custo-

363 3895 544 3958 diendam«
564 3908 681 3955 somno
697 3897 813 3955 carent
832 3917 843 3948 l
863 3893 905 3973 (v.
925 3892 1002 3970 loti>
1017 3893 1115 3954 Nunc
1132 3892 1346 3972 compellatio
1366 3893 1425 3955 illa
1445 3896 1477 3954 in
1493 3896 1583 3956 invi·

363 3993 423 4055 dos
438 3992 491 4071 (H.
514 3991 565 4072 77)
589 4016 601 4046 θ
619 3990 700 4072 quid
720 3990 871 4072 judicare
898 3989 1036 4068 cogitas
1063 3990 1159 4062 livor,
1185 3989 1309 4052 modo‘l
1335 4015 1361 4064 i,
1387 3996 1418 4053 et
1442 3989 1583 4055 fabellae

366 4115 377 4147 l
405 4096 503 4154 Maus
521 4091 722 4166 parturiens
740 4113 750 4144 i
770 4088 821 4169 (H.
846 4090 895 4169 73)
913 4093 946 4150 et
970 4111 986 4142 «
1004 4091 1163 4149 Fornace
1177 4090 1209 4149 et
1225 4093 1344 4151 Mrtsco
1368 4089 1518 4171 »lelll
1543 4090 1583 4151 ad

363 4188 553 4270 Eutychum
567 4188 650 4250 nihil
667 4191 838 4266 spectant;
856 4185 999 4248 fabellae
1022 4183 1107 4244 duae
1122 4189 1162 4246 αθ
1177 4189 1347 4249 Simonide
1361 4187 1413 4269 (ll.
1431 4191 1470 4250 72
1486 4194 1519 4252 et
1533 4189 1583 4268 75)

363 4304 471 4367 neque
486 4285 799 4366 apraecedentibus
816 4283 948 4348 labellis
960 4282 1106 4362 disjungi
1124 4287 1275 4360 possunt,
1289 4287 1322 4345 et
1333 4285 1438 4346 multo
1451 4286 1581 4360 melius

363 4389 401 4446 ut
414 4403 491 4447 mox
508 4384 707 4458 videbimus
727 4383 811 4446 libro
827 4386 946 4464 quarto
964 4378 1201 4442 attribuuntur.

393 4659 414 4700 l.
429 4651 490 4699 Vide
506 4651 567 4699 inira
581 4651 759 4713 Appendicem,
775 4650 816 4698 uhi
832 4661 912 4696 veram
927 4649 963 4708 (ut
979 4647 1034 4694 mihi
1050 4645 1157 4705 videtur)
1172 4647 1196 4693 in
1213 4647 1233 4694 Y
1249 4647 1366 4697 linearum
1381 4653 1585 4713 computationem

362 4728 386 4771 et
403 4723 516 4772 loliorum
537 4723 651 4772 terminos
667 4724 771 4784 restitui,
795 4725 884 4769 mutate
900 4719 995 4782 paulum
1011 4716 1189 4778 computatione
1205 4719 1230 4768 L.
1248 4719 1325 4767 liuvet
1340 4721 1365 4768 iu
1384 4722 1448 4770 loliis
1464 4722 1509 4772 ΝΟ
1526 4724 1585 4772 detl-

363 4794 469 4846 alendis.
