3612 5638
830 501 910 550 PARS
932 499 1116 547 Posrhmoa.

824 811 873 870 De
887 811 974 870 libro
990 810 1121 876 metato.

400 1050 549 1114 Phaeder
572 1049 697 1112 librum
717 1048 873 1129 quintum
890 1047 960 1126 jam
979 1065 1082 1110 senex
1102 1045 1156 1126 (cf.
1176 1043 1241 1109 fab.
1259 1046 1288 1126 ὅ)
1306 1047 1440 1127 scripsit
1455 1047 1585 1111 Phileto

360 1151 494 1214 cuidam
508 1149 635 1229 alioqui
651 1147 789 1209 minime
806 1149 886 1209 noto
903 1145 1104 1208 dedicatum.
1122 1146 1222 1208 Hunc
1236 1163 1304 1226 qua
1319 1149 1433 1208 mente
1444 1162 1584 1226 compo-

360 1249 478 1322 suerit,
505 1265 523 1310 e
547 1247 698 1327 quinque
719 1263 804 1325 quae
831 1247 968 1306 exstant
992 1242 1125 1307 labellis
1149 1247 1229 1307 satis
1255 1244 1436 1324 comperiri
1460 1247 1582 1324 potest.

359 1348 506 1418 Quarum
525 1361 594 1407 una
613 1344 747 1422 longius
768 1341 869 1404 ducta
889 1344 951 1416 est,
969 1344 1099 1403 ceterae
1115 1340 1337 1404 brevissimae
1354 1345 1443 1404 sunt.
1462 1341 1586 1404 Mirum

359 1443 507 1526 quidem,
524 1459 603 1505 cum
619 1445 788 1516 senectus,
805 1443 843 1501 ut
863 1439 969 1514 aiunt,
992 1442 1113 1501 natura
1133 1441 1176 1503 sit
1186 1439 1371 1520 loquacior.
1385 1442 1437 1501 An
1447 1443 1584 1520 poetam

357 1542 409 1606 vis
423 1542 550 1619 ingenii
566 1537 767 1602 deiiciebat‘.l
789 1537 876 1599 lllud
898 1538 958 1600 etsi
979 1538 1052 1616 ipse
1067 1536 1241 1600 contendit
1259 1538 1309 1616 (in
1323 1535 1391 1600 lab.
1409 1537 1452 1619 5),
1472 1541 1586 1601 tamen

357 1657 400 1702 ne
418 1641 596 1719 opinemur
611 1637 725 1700 obstat
740 1633 892 1697 labellal
911 1653 926 1696 c
941 1635 1078 1698 Procae
1095 1639 1260 1697 Tibicen»
1281 1635 1380 1716 (Har.
1398 1634 1470 1716 loo)
1491 1639 1586 1698 tanta

357 1737 530 1800 alacritate
540 1739 573 1798 et
582 1736 709 1816 impetn
718 1737 852 1796 narrata
862 1736 990 1812 quanto
999 1750 1087 1812 quae
1098 1733 1259 1809 maxime;
1273 1736 1306 1795 at
1316 1733 1431 1797 minus
1441 1733 1582 1796 acerbe:

356 1835 392 1896 in
421 1834 540 1896 ultimo
569 1834 660 1894 enim
689 1849 792 1894 versu
816 1848 1010 1911 quanquam
1039 1833 1091 1892 vis
1118 1833 1248 1893 comica
1277 1848 1344 1893 non
1368 1833 1480 1895 minor
1495 1833 1586 1896 inest

356 1949 460 2014 quam
487 1932 523 1992 in
552 1927 675 1993 fabella
689 1930 733 1990 IV
748 1930 786 1993 29
806 1953 818 1985 ι
835 1934 966 1992 Scurra
990 1931 1022 1992 et
1042 1932 1200 1992 Rusticus
1217 1948 1245 2005 r,
1261 1928 1412 1992 hilaritas
1431 1946 1500 1992 non
1512 1929 1585 2011 jam

355 2030 506 2093 insolens
523 2029 581 2092 sed
598 2029 705 2105 magis
722 2044 841 2090 serena
858 2027 1062 2089 continetur.

397 2129 488 2199 Quae
515 2127 680 2189 serenitas
696 2125 847 2205 quinque
869 2121 1068 2186 fabellarum
1086 2125 1276 2186 communis
1292 2127 1354 2187 est.
1372 2125 1458 2188 Sunt
1472 2124 1584 2188 adhuc

356 2226 415 2307 qui
431 2225 581 2288 Phaedro
596 2223 792 2299 invideant;
809 2225 842 2285 at
857 2221 915 2285 ille
930 2220 1111 2284 firmiorem
1126 2239 1200 2284 esse
1220 2222 1360 2300 gloriam
1377 2240 1475 2286 suam
1489 2224 1582 2287 exis-

356 2325 451 2386 timat
466 2341 569 2404 quam
583 2326 622 2384 ui
636 2321 718 2384 velit
734 2338 792 2384 eos
809 2321 920 2382 acrius
936 2318 1081 2398 aggredi.
1099 2321 1185 2383 Eum
1200 2320 1299 2383 amici
1320 2322 1374 2384 sui
1395 2320 1584 2386 incitabant

355 2426 395 2486 ut
408 2421 559 2484 aemulos
573 2419 717 2501 pristina
730 2418 941 2482 vehementia
956 2419 1170 2498 impugnaret
1186 2417 1241 2498 (cf.
1258 2416 1325 2482 fab.
1343 2421 1373 2498 5,
1389 2422 1407 2485 9
1427 2439 1433 2481 :
1457 2440 1471 2481 r
1488 2419 1584 2491 Quod

355 2519 481 2582 fuimus
500 2518 630 2594 laudas,
654 2517 706 2598 [si]
727 2517 797 2598 jam
821 2517 962 2579 damnas
986 2516 1079 2597 quod
1102 2530 1219 2580 sumus
1233 2517 1274 2598 22),
1292 2516 1584 2599 objurgabantque

355 2605 447 2700 quod
472 2617 551 2679 olim
577 2615 772 2679 «adversus
796 2632 914 2678 omnes
936 2614 1031 2677 fortis
1056 2617 1091 2676 et
1114 2615 1215 2676 velox
1231 2633 1259 2689 ›,
1285 2632 1378 2677 nunc
1406 2639 1418 2671 ι
1442 2617 1584 2680 cariosis

355 2713 515 2778 dentibus
544 2713 704 2796 praedam
732 2713 914 2776 dimitteret
937 2731 966 2773 r.
997 2714 1100 2776 Poeta
1127 2716 1257 2787 contra,
1287 2728 1397 2794 aequo
1425 2716 1457 2776 et
1488 2718 1584 2791 grato

356 2831 493 2877 ammo:

605 2989 619 3022 a
634 2973 698 3024 Non
713 2975 743 3024 te
757 2970 895 3024 destituit
908 2970 1037 3036 animus,
1052 2971 1103 3022 sed
1119 2971 1197 3024 vires
1211 2981 1331 3024 meae.»

1306 3070 1370 3122 (nav.
1385 3070 1433 3124 los,
1447 3071 1479 3126 s.)

397 3258 513 3321 Vires!
531 3259 607 3338 quis
623 3259 760 3321 credat‘l
773 3258 848 3334 Sed,
867 3257 957 3339 quod
972 3258 1078 3321 multo
1094 3259 1310 3321 verisimilius
1333 3263 1397 3334 est,
1421 3258 1585 3340 quosdam

358 3357 422 3420 sibi
445 3359 605 3419 aemulari
628 3362 659 3418 et
683 3356 834 3419 invidere
856 3357 945 3418 haud
967 3374 1066 3436 aegre
1093 3375 1182 3420 nunc
1207 3356 1408 3438 patiebatur,
1436 3359 1492 3438 qui
1518 3357 1584 3421 sibi

354 3453 425 3535 jam
440 3454 524 3516 nulli
540 3454 663 3516 damno
680 3473 755 3517 esse
771 3459 922 3534 possent.
940 3455 992 3517 llli
1008 3473 1152 3517 censura
1173 3472 1290 3517 eorum
1317 3472 1383 3516 non
1405 3455 1475 3536 jam
1499 3456 1585 3518 iram

358 3555 469 3614 movet
483 3572 490 3626 ;
507 3553 723 3632 insolentiam
740 3557 900 3632 quattuor
914 3554 1072 3614 versibus
1088 3551 1241 3631 frangere
1259 3555 1341 3615 satis
1356 3553 1459 3616 habet
1472 3552 1550 3633 (fab.
1565 3555 1583 3616 l

361 3673 375 3705 a
398 3654 531 3712 Taurus
545 3653 577 3712 et
599 3653 758 3713 Vitatur)
777 3651 861 3712 HaV.
879 3653 949 3731 102)
967 3669 973 3711 :

530 3812 628 3863 «Tace
643 3809 786 3874 ›inquit;
801 3823 815 3858 e
830 3810 967 3864 antehoc
981 3812 1051 3864 novi
1065 3823 1153 3877 qnam
1170 3811 1223 3876 [tu]
1238 3814 1327 3863 natus
1343 3823 1384 3864 es.
1402 3830 1413 3856 υ

529 3891 585 3953 Qui
601 3891 762 3943 doctiorem
777 3890 917 3944 emendat
933 3892 989 3944 sibi
1004 3892 1061 3944 dici
1076 3897 1170 3958 putet.

399 4088 471 4150 Hoc
486 4104 597 4169 neque
612 4088 814 4167 improbum,
831 4106 941 4170 neque
957 4089 1117 4153 acerbum
1132 4115 1139 4167 ;
1156 4108 1258 4169 grave
1274 4096 1338 4155 est.

398 4185 536 4249 Fabella
549 4188 659 4267 prima
676 4210 688 4242 ‹
708 4191 831 4251 Calvus
853 4190 885 4251 et
905 4194 1044 4264 paidom
1061 4193 1144 4264 pilis
1168 4193 1320 4266 defectas
1337 4214 1351 4247 »
1368 4188 1466 4269 (Har.
1483 4189 1533 4271 99)
1548 4190 1585 4253 in

359 4286 509 4348 aemulos
525 4302 607 4348 suos
623 4303 682 4366 spe
697 4284 869 4350 fraudatos
882 4287 1003 4364 illudit,
1019 4305 1116 4369 quos,
1129 4292 1167 4351 ut
1182 4289 1320 4352 Calvum
1336 4289 1514 4370 pectinem,
1535 4289 1585 4351 sic

359 4382 479 4447 decere
494 4385 542 4446 ait
554 4384 729 4446 Musarum
746 4384 858 4448 studia
876 4406 882 4446 :

575 4561 589 4594 «
605 4546 748 4609 superum
764 4545 903 4597 voluntas
918 4545 1007 4610 lavit;
1025 4547 1076 4600 sed
1090 4547 1149 4600 tato
1164 4547 1265 4600 invido

575 4625 746 4686 Carbonem,
761 4631 794 4678 ut
809 4626 902 4688 aiunt,
917 4639 968 4691 pro
985 4627 1122 4679 thesauro
1137 4628 1314 4682 luvenimus.
1332 4643 1346 4679 r

577 4708 659 4766 Quem
671 4721 729 4770 spes
744 4706 848 4768 delusit,
861 4707 924 4758 huic
938 4708 1081 4774 querel[c]e
1095 4709 1266 4774 conici]n[e]t.

1376 4813 1408 4865 (v.
1419 4811 1476 4862 a-t.)
