3612 5638
444 553 446 568 ι
535 535 577 579 oa
598 534 824 581 sensatarum
847 535 949 582 SENSU
972 534 1169 582 auconutro
1427 520 1473 590 55

281 681 455 742 Hactenus
475 677 791 742 ostendit-Phaeder
811 695 912 759 quam
932 680 977 742 sit
995 680 1225 759 periculosum
1245 683 1371 744 temere
1391 696 1465 742 cre-

216 775 219 784 ‘
241 777 319 840 dere
341 776 620 874 cpiminantibus;
646 793 736 839 nunc
758 775 926 856 quomodo
950 775 1037 840 falsa
1067 777 1209 840 crimina
1233 777 1410 857 dijudicari
1432 781 1466 842 et

241 875 373 956 dispalli
394 873 565 939 debeant:

441 1037 635 1088 Accusatores
650 1032 838 1100 postularunt
851 1033 1009 1100 mulierem

443 1115 624 1179 Romamque
640 1118 845 1180 pertraxerunt
859 1114 896 1166 ad
912 1113 1121 1167 centumviros
1194 1123 1196 1127 ’

441 1194 564 1259 Matiana
577 1196 710 1246 insontem
727 1196 853 1259 deprimit
866 1195 992 1260 suspicio,
1138 1245 1141 1253 ,

353 1341 355 1348 Ι
372 1330 374 1332 ,
392 1319 395 1329 ,
428 1334 431 1340 y
443 1275 519 1344 Quod
532 1275 599 1325 bonu
613 1261 755 1340 possid[i]t.
772 1277 858 1329 Stant
872 1275 987 1340 patroni
1002 1273 1155 1328 fortiter

388 1349 395 1358 ”’
415 1346 420 1356 '
443 1359 569 1408 causam
584 1359 701 1408 tuentes
715 1354 882 1408 innocentis
896 1356 1033 1408 feminae

442 1435 463 1484 A
478 1435 547 1485 Diuo
561 1437 682 1498 Aupmto
697 1440 768 1487 tunc
782 1448 817 1499 pe
820 1436 951 1499 tierluntl
963 1435 1078 1499 judices

250 1557 252 1580 p
284 1575 287 1584 Δ
442 1515 968 1593 Utadjuvaretjurisjnranditidem,
1024 1555 1027 1563 ι
1116 1561 1118 1566 .
1174 1555 1177 1566 .

394 1589 395 1593 ’
444 1597 548 1664 Quod
541 1608 620 1680 ipsos
628 1595 716 1648 error
730 1595 927 1664 implicuisset
941 1597 1082 1650 criminis
1120 1657 1123 1670 ,
1138 1603 1141 1611 ⁴

277 1665 280 1672 ’
350 1667 353 1675 “
401 1663 418 1688 ““
442 1678 494 1738 Qui
508 1669 649 1748 postquam
663 1675 782 1728 tenebras
797 1677 909 1742 dispulit
923 1679 1075 1729 calumniae
1152 1673 1156 1686 ⁵

370 1751 389 1788 ‘v
443 1757 613 1823 Geniumque
617 1757 716 1820 sonum
730 1758 852 1808 omittitis
865 1756 963 1823 reppci
965 1759 1008 1808 it:

441 1855 455 1887 «
470 1835 573 1891 Luat»
587 1838 710 1902 mqurt
727 1845 836 1902 poenas
853 1843 942 1891 causa
957 1839 1081 1894 libertus
1096 1838 1184 1906 malis

440 1921 574 1983 Namque
586 1918 679 1969 orbum
694 1926 757 1969 nuic
771 1919 853 1982 simul
866 1926 890 1970 ei
900 1921 1050 1984 priuatam
1051 1921 1109 1969 viro

442 2000 627 2050 Miserandam
640 2001 729 2064 potiris
744 2015 825 2064 quum
841 2000 1030 2066 damnandnm
1044 1997 1178 2052 emistimo.

442 2079 551 2142 Quodsi
566 2079 654 2129 delata
666 2085 849 2143 perscrutatus
863 2081 983 2148 crimina
1011 2097 1015 2104 ’
1109 2093 1112 2100 ’

335 2171 338 2179 ·
442 2159 656 2212 Paterfamilias
670 2167 743 2220 esset,
757 2161 781 2212 si
797 2160 967 2211 mendacium
1065 2164 1067 2168 ’

349 2269 350 2272 =
441 2239 581 2291 Subtiliter
596 2240 739 2304 limasset‚
753 2256 770 2291 a
784 2241 921 2292 radicibus
1443 2303 1446 2306 Ι

443 2320 506 2370 Non
520 2321 652 2371 evertisset
665 2321 759 2372 scelere
773 2321 876 2389 [anesio
889 2321 1010 2394 domum.
1027 2338 1041 2370 ι
1087 2359 1091 2396 5
1376 2326 1402 2368 so
1472 2373 1473 2376 ,

281 2500 470 2563 Phaedrum
493 2517 629 2611 quoque
662 2519 677 2562 ι
704 2502 852 2578 maligna
875 2504 1044 2588 insontem
1074 2503 1231 2582 deprimit
1260 2505 1461 2584 suspicio
1434 2528 1447 2560 ι

241 2598 352 2686 quod
353 2616 392 2660 ea
413 2615 501 2710 quae
521 2599 556 2660 in
576 2597 691 2662 libello
710 2599 750 2661 de
771 2601 859 2662 vitiis
874 2601 1024 2663 omniurn
1040 2601 1278 2664 communibus
1295 2603 1461 2682 exposuit,

242 2689 399 2759 nonnulli
416 2681 567 2759 errantes
584 2697 625 2759 ad
640 2715 676 2760 se
689 2702 875 2774 traxerunt,
892 2702 1064 2761 auctorem
1078 2700 1194 2781 scripti
1209 2701 1327 2763 ulcisci
1348 2699 1463 2763 solue-

242 2797 338 2858 runt.
363 2795 463 2876 Optat
490 2795 592 2874 igitur
620 2799 658 2858 ut
668 2797 988 2878 ,quemadmodum
1016 2796 1123 2861 adfuit
1151 2799 1257 2862 Divus
1292 2803 1464 2877 Angustus

241 2882 417 2958 innocenti
439 2891 599 2971 fendnae.‚.
618 2895 667 2958 sic
691 2893 756 2958 sibi
779 2896 953 2977 Eutychus
977 2896 1063 2960 adsit
1088 2897 1249 2974 innoxio3
1265 2897 1464 2978 Eutychum

240 2993 564 3072 praemonet-prius,
584 2991 808 3072 dispellendas
836 3011 955 3056 esses
979 2995 1169 3058 calumniae
1198 2995 1355 3060 tenebras
1383 3015 1400 3056 ι
1427 3000 1466 3059 ut

242 3093 401 3152 <certum
416 3090 569 3152 veritatis
583 3085 710 3152 iontem
722 3093 866 3172 reperiat
878 3116 894 3148 ι
905 3113 912 3168 ;
924 3091 1137 3155 obseruanda
1148 3111 1217 3160 non
1227 3098 1464 3158 accusatorum

242 3189 384 3250 crimina
409 3205 519 3269 neque
543 3205 602 3268 per
625 3206 661 3250 se
687 3187 861 3262 delictum,
887 3191 945 3252 sed
969 3192 1121 3255 accusati
1145 3193 1462 3268 honestamvitam,

242 3285 400 3348 miseram
423 3285 669 3349 condicionem.
691 3287 799 3358 Quare
826 3289 1001 3369 Eutychus
1026 3289 1215 3353 Phaedrum
1234 3293 1325 3354 omni
1343 3305 1417 3370 opes
1432 3295 1465 3354 et

242 3383 327 3440 teste
342 3381 527 3458 privatum,
545 3381 771 3443 miserandum
790 3384 1016 3462 potiusquam
1032 3382 1260 3447 damnandnm
1275 3385 1461 3460 existimem

241 3493 311 3538 rem
332 3476 489 3557 expediat
507 3494 575 3542 non
592 3478 696 3559 judex
717 3481 846 3558 rigidus
862 3484 893 3543 et
908 3483 1078 3558 immotae,
1098 3483 1157 3545 sed
1177 3484 1227 3544 vir
1246 3485 1414 3552 humanus
1431 3491 1463 3546 et

241 3575 444 3638 misericors.
462 3576 560 3639 Haud
575 3577 671 3640 aliter
685 3579 720 3638 in
736 3579 867 3657 epilogo
884 3579 979 3658 (Hav.
997 3581 1061 3658 tt.)
1078 3600 1084 3641 ε

475 3717 607 3769 Stultum
621 3717 777 3771 admovere
793 3720 846 3771 tibi
859 3733 960 3785 preces
978 3721 1136 3786 exis[tim0]

473 3797 614 3850 Proclivis
630 3799 708 3851 ultro
724 3800 815 3864 [qlum
825 3800 875 3852 sit-
885 3801 1081 3852 misericordia.

1227 3888 1261 3937 tv.
1272 3884 1311 3928 ΞΟ
1313 3884 1357 3937 21)

282 4038 332 4101 Αιι
346 4040 572 4103 narrationem
601 4023 719 4131 versus
746 4027 814 4106 non
843 4011 954 4133 minus
985 4044 1101 4132 decern
1130 4044 1246 4122 addit,
1274 4034 1311 4107 in
1332 4039 1464 4128 quibus

242 4137 436 4226 Eutychum
454 4121 624 4211 horrenda
647 4157 683 4204 re
708 4127 896 4221 permotum
922 4143 1024 4233 etiam
1049 4147 1150 4224 atque
1180 4145 1281 4208 etiam
1303 4148 1399 4222 rogat
1426 4149 1464 4208 ut

242 4236 418 4299 veritatem
433 4224 612 4316 diligenter
636 4241 797 4320 exploret,
820 4241 984 4338 imprimis
1008 4242 1131 4333 cogitet
1156 4242 1240 4305 nihil
1264 4260 1331 4306 non
1354 4242 1464 4306 moliri
1541 4270 1543 4274 ·

242 4333 413 4415 improbos
432 4335 473 4398 ad
494 4337 693 4400 innocentes
714 4329 968 4418 opprimendos,
992 4329 1179 4408 calumniae
1199 4339 1328 4403 diffidat
1314 4344 1463 4420 t‚-accu

245 4436 356 4496 santes
372 4437 404 4496 ct
420 4452 513 4496 reum
530 4453 587 4515 per
603 4454 639 4498 se
651 4435 861 4515 cognoscat:
993 4437 995 4444 ‘

460 4597 507 4648 Nil
525 4602 645 4660 spernat
657 4598 745 4657 auris¹
761 4613 807 4646 nec
821 4604 910 4646 tumen
924 4599 1137 4662 ereda[s]statim‚

462 4677 703 4740 Quandoquidem
719 4687 742 4726 et
756 4678 799 4727 illi
811 4687 918 4740 peccunt
934 4694 998 4742 qttos
1011 4680 1122 4728 minime
1136 4687 1220 4743 putes,

461 4759 493 4806 nt
508 4760 619 4830 quinon
634 4765 743 4822 peccant
758 4760 954 4822 impedirentur
969 4759 1121 4821 fraudibus.

1232 4843 1262 4898 ιι.
1275 4842 1358 4894 st-sst
