3636 5652
529 525 573 570 DE
595 525 818 574 FABELLARUM
840 528 943 576 SMNSU
965 528 1163 576 esconium.
1422 517 1457 580 31

281 665 348 728 Lre.
406 666 430 727 l.
460 667 572 749 Lupus
586 671 622 731 et
636 669 734 734 Gruis
1311 675 1369 740 376
1455 701 1456 706 ’

398 799 401 804 -
458 767 584 828 Asinus
599 768 714 831 etLeo
729 774 894 832 venantes
1311 776 1368 838 353

460 864 585 926 Cervus
602 864 643 926 ad
658 866 797 931 Fontem
1310 870 1369 933 118

458 961 580 1041 Vulpis
596 967 630 1024 et
646 964 775 1028 Corvus
1311 968 1369 1037 204

458 1058 626 1139 (Fortasse
642 1060 750 1124 Homo
766 1066 800 1124 et
816 1061 959 1126 Arbores
976 1061 1017 1126 cl.
1036 1065 1123 1127 Prol.
1140 1065 1172 1144 6)
1189 1084 1194 1126 :
1211 1066 1273 1128 Ro-

500 1158 612 1222 mulus
628 1159 683 1230 lll,
702 1161 739 1222 14
862 1161 864 1168 ‘
1316 1165 1369 1226 133

280 1344 347 1406 Lis.
394 1344 435 1408 11.
459 1344 566 1408 Canes
580 1344 717 1409 lamilici
1037 1404 1038 1407 ,
1314 1353 1372 1420 218

459 1443 605 1507 Mustela
621 1447 651 1507 et
669 1445 776 1508 Homo
1333 1450 1370 1514 83

461 1541 559 1604 Canis
574 1540 685 1606 fidelis
1314 1547 1371 1610 164

459 1639 555 1700 Rana
571 1643 668 1720 rupta
683 1644 716 1704 et
730 1641 797 1704 Bos
1329 1646 1368 1708 84

457 1737 578 1817 Vulpis
593 1740 627 1799 et
641 1738 777 1801 Ciconla
1332 1744 1370 1805 34
1485 1794 1489 1802 .

458 1835 557 1898 Canis
572 1839 606 1897 et
619 1836 811 1900 Thesaurus
825 1841 859 1900 et
874 1838 1051 1902 Vulturina
1312 1841 1369 1904 133

458 1932 580 2013 Vulpis
596 1937 629 1996 et
643 1935 765 2016 Aquila
1354 1941 1372 2002 5

456 2032 549 2093 Anus
566 2030 708 2110 diligens
718 2034 893 2113 juvenem,
911 2035 989 2097 itern
1006 2036 1119 2113 puella
1330 2036 1367 2098 35

457 2130 1062 2211 Aesopusadquemderndesuooessu
1071 2132 1297 2213 improborum
1310 2137 1365 2198 221

455 2228 579 2308 Aquila
594 2230 770 2291 etcornex
1311 2233 1369 2294 413

279 2414 347 2478 [nn.
378 2414 434 2478 Ill.
458 2413 624 2496 (Aesopus
647 2419 680 2479 et
705 2416 866 2480 Rusticus
891 2449 931 2462 -
956 2415 999 2482 cl.
1025 2419 1270 2482 Plutarchum?

495 2515 631 2596 Septem
646 2531 716 2596 sap.
736 2515 871 2578 conviv.
888 2533 920 2595 p.
931 2515 995 2601 143
1012 2517 1060 2597 Ε).

453 2609 619 2693 (Aesopus
634 2616 667 2676 et
681 2611 854 2694 Petulans)

453 2709 570 2791 Lupus
585 2709 626 2772 ad
640 2712 764 2774 Canem
1309 2715 1381 2789 378,
1400 2715 1454 2779 331

454 2805 516 2888 (De
531 2806 610 2871 lusu
625 2811 659 2871 et
674 2808 868 2890 severitate)

453 2904 618 2986 (Aesopus
633 2907 811 2987 respondet
826 2906 977 2988 Garrulo)

456 3003 585 3066 Asinus
601 3008 635 3066 et
649 3005 734 3068 Galli
1308 3008 1365 3069 290

453 3102 502 3165 De
517 3103 661 3166 Mustela
676 3107 709 3166 et
723 3103 876 3168 Muribus
1326 3108 1364 3168 13

277 3288 346 3351 Lre.
377 3288 432 3352 lV.
455 3289 504 3351 De
518 3288 626 3371 Vulpe
641 3293 674 3353 et
689 3290 762 3352 Uva
1323 3293 1360 3355 33

454 3388 570 3467 Equus
583 3390 617 3450 et
630 3390 719 3469 Aper
1306 3392 1363 3458 175

453 3483 568 3564 (Poeta
582 3519 620 3530 —-
634 3487 804 3568 Aesopus(

452 3584 569 3660 Pugna
583 3585 730 3647 Munium
745 3587 779 3648 et
792 3585 1014 3649 Mustelarnm
1126 3633 1134 3664 ,
1304 3589 1359 3650 331

453 3681 599 3760 Serpens
614 3681 655 3743 ad
670 3680 815 3744 Fabium
829 3681 1004 3746 ferrarium
1081 3691 1084 3697 “
1305 3685 1361 3750 lle

408 3861 410 3866 ι
453 3779 500 3840 De
514 3779 615 3842 Vitiis
628 3780 804 3842 hominum
1305 3783 1362 3846 359

453 3878 558 3940 Malas
573 3895 649 3940 esse
664 3876 799 3941 divitias
1300 3867 1358 3944 luo

452 3975 500 4037 De
514 3973 656 4038 fortunis
670 3976 845 4040 hominum
925 4007 928 4018 ·
1301 3981 1366 4043 367,

453 4072 559 4136 Canes
573 4071 702 4150 legatos
718 4074 759 4136 ad
772 4075 891 4137 Jovern
907 4074 1000 4154 (Ὅνοι
1014 4079 1081 4157 πρὸς
1095 4079 1143 4135 τὸν
1161 4074 1224 4155 Δία)
1303 4079 1360 4140 313

453 4171 596 4252 Serpens
612 4172 819 4235 misericordi
835 4173 957 4235 nociva
1271 4217 1272 4222 κ
1323 4177 1360 4238 37

451 4268 586 4347 (Scurra
600 4274 634 4332 et
647 4269 818 4349 Rusticus)
833 4304 874 4315 -
889 4269 930 4334 cl.
945 4271 1111 4334 Plutarch.
1124 4273 1258 4344 Quaest.

491 4369 626 4430 conviv.
645 4387 676 4448 p.
693 4368 753 4432 674
768 4369 802 4430 C.
1131 4383 1133 4391 ’

272 4565 308 4626 ln
324 4565 508 4628 Arrenmcn
521 4566 722 4628 Pnnornrnn.

452 4699 618 4779 (Aesopus
632 4700 664 4760 et
680 4698 840 4779 scriptor)

451 4795 617 4878 (Aesopus
634 4800 666 4859 et
681 4796 796 4860 Victor
811 4796 999 4879 gymnicus)
