3636 5652
544 529 585 574 ott
606 527 830 574 Faustianum
853 527 952 574 SENSU
975 527 1167 576 humohumo·

509 673 585 736 Opes
601 673 705 722 inuisae
719 671 814 722 merito
829 675 901 724 sunt
915 669 983 723 iorti
998 669 1062 724 viro

509 752 582 816 Quia
596 751 678 806 dives
693 763 760 804 arca
774 763 873 804 voram
887 750 1006 804 laudem
1020 751 1179 818 intercipit.

285 957 360 1021 Non
375 957 458 1021 illud
480 960 592 1022 autem
615 956 738 1021 labella
763 958 881 1036 arguit,
907 959 965 1022 sed
989 959 1072 1023 nihil
1093 959 1186 1022 aliud
1209 960 1335 1024 indicat
1360 978 1463 1042 quam

245 1073 319 1118 esse
342 1054 445 1119 fortes
470 1057 559 1120 viros
583 1057 642 1137 qui
666 1056 801 1119 divitias
825 1057 963 1120 minime
987 1055 1124 1120 faciant.
1152 1058 1271 1120 Verius
1295 1059 1402 1122 multo
1432 1062 1466 1122 et

245 1155 427 1216 narrationi
444 1155 551 1232 magis
564 1156 807 1218 convenienter
822 1154 905 1217 dixit
921 1158 1072 1236 Aesopus
1090 1156 1204 1236 (Halm
1223 1157 1293 1236 tto)
1315 1175 1321 1218 :
1344 1163 1358 1216 t
1383 1159 1467 1238 λόγος

245 1254 362 1334 λεχθείη
376 1250 408 1312 ἂν
426 1253 474 1313 ἐπ’
497 1251 594 1336 ἀνδρὸς
609 1257 742 1314 πλουσίου
764 1253 814 1332 μὲν
830 1253 883 1332 τὴν
898 1257 1001 1336 τύχην,
1018 1264 1177 1338 πονηροῦ
1192 1257 1227 1315 δὲ
1242 1261 1302 1314 τὸν
1317 1259 1464 1338 τρόπον.

245 1349 394 1412 Phaeder
419 1367 510 1426 ver0,
537 1351 617 1431 quia
642 1350 777 1414 divitias
792 1351 866 1432 ipse
881 1349 961 1426 odit,
979 1366 1066 1430 quas
1080 1351 1294 1432 possidentes
1308 1352 1465 1416 nonnulli

244 1448 275 1510 ei
299 1448 435 1525 negotia
459 1449 660 1525 attulerunt,
687 1448 877 1527 significare
901 1467 969 1512 non
995 1448 1126 1512 dubitat
1153 1467 1210 1514 eas
1239 1467 1314 1514 csse
1343 1451 1461 1532 utique

245 1546 361 1620 maias,
380 1563 566 1628 omnesque
582 1546 704 1610 divites
720 1547 794 1609 vult
809 1549 1002 1611 necessario
1020 1547 1175 1611 homines
1195 1566 1271 1612 esse
1289 1549 1463 1621 scelestos,

245 1645 343 1706 malis
359 1645 498 1721 amicos,
514 1645 670 1708 inimicos
692 1644 798 1708 honis.
824 1647 863 1708 ln
887 1645 1004 1709 eadem
1026 1645 1160 1718 fabella,
1180 1646 1269 1728 apud
1293 1649 1465 1729 Aesopum

245 1743 366 1806 avertit
380 1760 416 1804 se
432 1743 596 1806 Heroulus
612 1760 630 1803 a
645 1743 742 1806 Pluto
757 1743 848 1823 quod
863 1761 941 1806 eum
956 1744 1076 1809 viderit
1096 1746 1241 1808 maxime
1265 1764 1342 1809 cum
1366 1746 1464 1810 malis

244 1843 503 1903 conversanlem
523 1864 535 1897 t
552 1841 621 1922 παρ’
634 1848 664 1902 ὃν
680 1847 773 1924 καιρὸν
791 1845 818 1902 ἐν
835 1840 989 1926 ἀνθρώποις
999 1845 1090 1924 ἤμην,
1110 1847 1203 1927 ἑώρων
1220 1843 1302 1906 αὐτὸν
1319 1850 1356 1913 ὡς
1372 1847 1416 1905 ἐπὶ
1431 1851 1464 1906 τὸ

243 1940 374 2000 πλεῖστον
389 1949 447 2006 τοῖς
461 1943 593 2022 accipet<
612 1942 728 2000 συνόντα
754 1962 779 2001 t.
807 1938 858 2000 Ad
880 1939 965 2002 haec
987 1939 1146 2014 Phaeder,
1169 1942 1221 2004 ira
1244 1941 1279 2003 in
1304 1941 1461 2005 inimicos

244 2054 324 2100 suos
340 2036 455 2112 effusa,
473 2035 652 2104 addentem
666 2036 796 2111 inducit
813 2037 994 2100 Herculem
1011 2059 1018 2098 ε

524 2204 574 2258 Odi
578 2239 626 2255 .....
642 2202 735 2265 illum,
749 2205 819 2270 quia
835 2197 920 2257 malis
932 2204 1045 2258 amicus
1060 2211 1114 2268 est,

523 2281 659 2350 Simulque
670 2283 765 2350 objecto
781 2292 876 2337 cuncta
891 2287 1041 2351 corrumpit
1059 2286 1141 2337 lucro.

284 2483 449 2567 Denique,
466 2500 508 2544 ne
523 2481 656 2561 longius
670 2482 894 2563 disputemus,
912 2482 1047 2546 attende
1071 2501 1173 2564 quam
1198 2485 1285 2548 inl-er
1310 2503 1346 2570 se
1365 2485 1464 2548 dissi-

244 2583 336 2644 milia
359 2583 427 2644 sint
446 2581 622 2661 utriusque
643 2580 846 2643 documenta
867 2581 902 2643 in
921 2580 1045 2644 labella
1064 2580 1104 2646 de
1128 2585 1317 2660 «serpente
1329 2588 1464 2647 miseri-

224 2686 340 2756 cordi
355 2684 477 2744 uociuu
506 2679 632 2759 »(Hav.
658 2678 709 2759 69)
739 2700 745 2740 :
772 2679 968 2759 Serpentem
993 2679 1129 2761 quidam
1151 2681 1228 2759 gelu
1258 2683 1464 2744 contractam

241 2779 315 2842 sinu
327 2776 475 2854 foveram
490 2781 524 2839 at
534 2777 602 2854 illa,
619 2781 655 2838 ut
666 2778 777 2839 calore
790 2780 940 2840 recreata
950 2781 1012 2856 est,
1024 2778 1196 2842 hominem
1205 2797 1320 2844 morsu
1336 2781 1461 2843 necuit.

242 2878 440 2940 Morientem
467 2878 619 2956 Aesopus
634 2876 719 2938 haec
739 2874 863 2940 dixisse
883 2875 984 2939 refert
1006 2901 1014 2938 ι
1035 2879 1128 2939 δίκαια
1146 2878 1247 2961 πάσχω
1267 2885 1315 2940 τὸν
1338 2884 1461 2963 πονηρὸν

241 2975 389 3060 οἰκτείρας.
406 2973 555 3037 Phaeder
570 2977 693 3047 autem,
711 2992 777 3055 quo
793 2973 858 3054 maj
864 2991 903 3038 us
919 2973 954 3036 in
969 2975 1118 3054 ingratos
1133 2975 1247 3039 odium
1263 2977 1459 3053 concitaret,

241 3073 345 3136 alium
362 3076 519 3136 eventum
533 3069 737 3150 excogitavit
751 3072 815 3135 hcc
830 3071 929 3136 modo
948 3092 955 3135 :

503 3243 586 3292 Hanc
599 3239 658 3292 alia
675 3253 742 3292 cum
757 3244 873 3304 rogaret
886 3251 1003 3292 causam
1020 3240 1169 3304 facinoris,

505 3320 650 3385 Respondit
665 3335 673 3370 .·
687 3336 701 3370 <‹
716 3321 756 3371 Nc
772 3321 832 3385 quis
846 3320 932 3371 discut
944 3321 1066 3386 prodesse
1080 3320 1208 3388 improbis
1222 3338 1246 3371 ν.

280 3538 362 3598 Rem
382 3535 472 3597 haud
489 3536 718 3607 verisimilem,
743 3535 832 3599 dicet
855 3537 986 3618 aliquis.
1011 3571 1050 3584 -
1073 3538 1250 3599 Assentior
1271 3538 1426 3620 equidem
1450 3560 1457 3600 :

240 3650 338 3696 nemo
361 3633 451 3695 enim
475 3632 558 3696 adeo
582 3633 691 3695 malus
713 3637 762 3696 est
786 3637 825 3697 ut
847 3635 957 3715 ipsam
978 3635 1178 3714 pravitatem
1193 3635 1359 3714 praedicet
1372 3656 1381 3714 3
1399 3636 1459 3700 sed

239 3748 368 3806 omnes,
386 3731 450 3793 etsi
466 3733 610 3812 pessime
630 3749 665 3793 se
681 3733 867 3810 gesserunt,
890 3732 1068 3796 honestam
1087 3731 1246 3795 facinoris
1262 3734 1456 3797 excusatio-

238 3847 314 3891 nem
330 3846 492 3910 quaerere
509 3833 542 3892 et
558 3828 705 3908 proferre
722 3830 841 3892 solent.
856 3831 1007 3894 Hicvero
1023 3829 1276 3911 serpensjactat
1287 3849 1322 3894 se
1334 3833 1456 3914 impro-

239 3926 324 4003 bam,
342 3929 376 3990 et
390 3928 576 4008 nequitiam
602 3944 697 3990 snam
721 3928 842 3991 honori
867 3928 932 3991 sihi
949 3928 1052 3991 ducit.
1079 3929 1207 4008 Nempe
1221 3929 1328 3992 voluit
1344 3932 1455 4010 poeta,

236 4024 455 4088 immoderata
470 4025 578 4088 elatus
592 4025 653 4102 ira,
666 4026 765 4105 quasi
776 4026 849 4105 ipse
861 4026 992 4103 ingrato
1004 4025 1145 4089 aliorum
1156 4026 1267 4090 animo
1277 4026 1455 4105 laboraret,

237 4122 321 4185 illud
338 4121 517 4207 ostendere
535 4145 542 4184 :
563 4121 719 4185 homines
734 4123 880 4201 ingratos
895 4140 963 4186 non
979 4127 1104 4188 temere
1125 4124 1184 4186 sed
1199 4127 1291 4188 certo
1313 4125 1455 4189 consilio

237 4220 324 4282 male
340 4237 448 4298 agere,
466 4220 710 4301 pravilatisque
727 4238 809 4283 suae
824 4239 898 4284 esse
913 4222 1069 4285 conscios
1082 4224 1116 4284 et
1130 4239 1170 4284 ca
1185 4209 1333 4300 gloriari.

275 4316 447 4380 Interdum
469 4309 580 4393 etiam,
603 4336 669 4399 quo
691 4318 852 4398 majorem
873 4318 1106 4382 auctoritatem
1124 4323 1306 4400 praecepto
1327 4322 1385 4382 aut
1406 4321 1454 4384 rei

234 4414 351 4494 iaciat,
383 4420 466 4500 σόφον
496 4417 668 4497 Aesopum
698 4416 892 4497 loquentem
920 4417 1050 4481 inducit
1078 4417 1237 4492 Phaeder,
1268 4418 1368 4500 cujus
1396 4437 1453 4483 ore

236 4514 422 4594 simplicius
437 4515 518 4596 quid
534 4515 577 4577 sit
591 4514 655 4577 sibi
669 4516 702 4576 in
718 4517 830 4578 animo
846 4515 1024 4593 significet.
1041 4517 1079 4578 In
1094 4517 1147 4579 his
1162 4515 1299 4590 fabulis,
1313 4517 1452 4582 simodo

235 4613 419 4675 mutaveris
432 4637 445 4667 «
459 4615 652 4693 Aesopum»
665 4614 699 4675 in
711 4612 926 4676 «Phaedrum
938 4632 966 4690 ν,
979 4633 994 4675 u
1008 4614 1155 4678 Athenas
1167 4632 1182 4675 t
1195 4615 1229 4676 in
1242 4637 1256 4672 c
1270 4617 1410 4678 Romam
1422 4635 1449 4691 ›‚

236 4731 251 4772 ‹
275 4711 403 4775 Atticos
426 4729 441 4771 ν
462 4711 498 4773 in
521 4735 536 4768 (ι
562 4713 731 4775 Romanos
756 4737 784 4790 »,
807 4715 926 4793 poetae
949 4713 1127 4781 consilium
1148 4711 1361 4778 manifestum
1387 4732 1448 4796 ap-

233 4807 375 4892 parebit.

640 4900 645 4928 l
