3636 5652
357 537 396 598 ll
811 550 904 599 rans
927 549 1114 596 rosrnruou.

358 713 521 777 sponsum
540 692 710 766 advocati,
727 693 777 755 illi
792 694 849 773 qui
871 709 949 755 oum
971 709 1010 754 eo
1033 691 1197 754 adversus
1217 691 1405 754 Phaedrum
1419 691 1580 772 conjura-

357 797 499 869 verunt3
516 809 660 873 quorum
676 792 827 853 omnium
844 815 859 847 «
876 791 989 853 dolum
1008 814 1021 845 n
1039 793 1073 851 et
1088 781 1274 871 nequitiam
1286 792 1314 852 si
1327 790 1476 853 Phaeder
1489 807 1584 870 prae-

359 892 510 962 vidisset,
528 890 616 951 mala
631 890 822 969 praesentia
837 887 979 952 fortasse
993 889 1179 951 citavisset.

397 991 494 1053 ,Nunc
509 1007 589 1052 vero
605 989 653 1050 illi
674 987 757 1050 nihil
777 987 868 1049 aliud
888 990 1045 1066 superest
1066 1003 1167 1067 quam
1188 990 1225 1048 nt
1247 985 1315 1050 fata
1335 985 1487 1068 deploret
1508 1006 1579 1060 sua,

358 1093 518 1171 optetque
533 1091 569 1150 ui
585 1089 640 1150 isti
656 1105 675 1148 a
689 1085 815 1166 quibus
830 1084 912 1148 false
930 1088 1110 1146 accusatus
1126 1090 1179 1147 est
1196 1110 1209 1142 a
1225 1086 1322 1148 luant
1337 1102 1462 1164 paenas
1477 1088 1580 1148 male-

357 1186 438 1269 fic[i]
457 1210 483 1250 t.
516 1187 620 1258 Quem
647 1184 807 1247 affectum
836 1183 1007 1246 transtulit
1035 1184 1070 1244 in
1098 1179 1298 1245 fabellam«
1325 1187 1402 1246 Octa
1428 1187 1530 1248 Cattis
1551 1188 1582 1248 et

358 1292 475 1362 Lupus
490 1308 506 1342 »
524 1285 620 1365 (Har.
638 1284 699 1364 18),
716 1284 751 1350 in
766 1300 834 1364 qua
849 1299 908 1362 per
925 1306 938 1336 α
956 1281 1241 1345 calumniatorem
1260 1283 1385 1345 Canem
1402 1306 1416 1338 >t
1434 1286 1465 1345 et
1483 1302 1499 1344 ‹
1516 1285 1582 1345 Ln-

357 1401 437 1464 pum
453 1384 593 1447 citatum
608 1386 730 1446 testem
745 1401 760 1442 r
777 1381 958 1444 mendaces
974 1397 1052 1445 suos
1070 1381 1226 1442 inimicos
1243 1381 1383 1457 notavit,
1403 1399 1463 1461 per
1478 1383 1582 1444 Ovem

356 1499 436 1544 vero
451 1482 668 1544 innocentem
688 1497 776 1560 quae
796 1503 812 1534 «
830 1478 987 1554 damnato
1003 1475 1088 1540 falso
1105 1479 1312 1549 testimonio,
1330 1477 1420 1559 quod
1437 1496 1505 1540 non
1521 1478 1581 1541 de-

357 1579 460 1642 bebat
473 1578 574 1642 solvit
591 1598 617 1650 r,
635 1596 669 1641 se
685 1579 794 1656 ipsum
810 1581 842 1639 et
854 1594 917 1639 sua
928 1577 1096 1639 immerita
1106 1576 1193 1638 mala
1205 1575 1349 1639 dilucide
1365 1575 1579 1653 significavit.

357 1680 443 1740 Vota
457 1675 537 1740 facit
551 1676 695 1758 denique
712 1679 749 1737 ut
763 1674 827 1738 sibi
842 1675 1014 1753 contingat
1032 1677 1069 1737 ut
1084 1675 1163 1736 olim
1179 1673 1351 1738 maleficos
1367 1675 1479 1738 videat
1491 1675 1583 1755 justa

357 1792 467 1857 poena
484 1775 635 1850 allectos,
653 1779 687 1836 et
701 1791 822 1836 rursus
839 1774 984 1835 clamare
1001 1774 1131 1853 possit:

638 1973 726 2024 llaec.
736 2005 758 2020 ..
777 1981 889 2021 merces
904 1967 1014 2021 fraudis
1029 1980 1046 2019 a
1061 1969 1175 2032 superis
1193 1968 1287 2020 datur.

398 2193 538 2257 Videtur
553 2212 593 2255 ex
609 2191 733 2256 fabella
743 2216 759 2249 «
775 2198 815 2255 de
826 2142 970 2255 liuttere
981 2193 1201 2254 Parturterttc
1217 2192 1339 2271 afflat.
1355 2192 1400 2272 19)
1419 2193 1580 2271 Phaeder,

356 2297 394 2356 ut
409 2293 621 2355 inimicorum
633 2291 847 2357 insolentiam
865 2292 899 2350 in
911 2289 982 2352 dies
994 2293 1203 2354 crescentem
1214 2291 1386 2368 effugeret,
1400 2290 1581 2352 consilinm

357 2392 476 2454 iniisse
501 2392 607 2452 Roma
631 2388 806 2462 decedere,
834 2390 892 2448 aut
917 2387 1016 2448 etiam
1041 2387 1226 2451 decessisse
1251 2388 1446 2470 aliquandiu
1471 2387 1580 2451 donec

358 2489 460 2550 tutior
474 2486 521 2549 ibi
537 2488 755 2549 commoratio
772 2484 836 2547 sibi
853 2489 953 2547 esset.
972 2486 1043 2556 Quo
1059 2485 1181 2547 ellectu
1200 2487 1335 2567 scripsit
1350 2487 1433 2548 haec
1452 2505 1458 2546 :

640 2683 730 2733 Nemo
745 2680 872 2733 libenter
888 2680 989 2733 recolit
1003 2680 1055 2744 qul
1071 2680 1158 2733 laesit
1172 2680 1277 2733 locum.

358 2880 492 2943 ethaeo
510 2901 517 2940 :

639 2984 757 3034 Minimo
764 3019 832 3034 .....
852 2983 904 3035 illo
920 2997 1004 3048 posse
1019 2983 1131 3036 confido
1147 2985 1209 3036 loco

639 3065 748 3117 bialum
764 3063 840 3115 llniri
855 3077 913 3128 quo
929 3068 1102 3128 conceptum
1118 3069 1163 3116 cst
1178 3064 1307 3116 initium.

397 3293 524 3353 Verum
544 3308 610 3352 vox
632 3290 690 3351 illa
710 3313 725 3344 «
741 3293 883 3352 ilbenter
897 3289 1015 3354 recolit
1032 3310 1046 3350 a
1067 3288 1179 3352 obstat
1200 3307 1242 3351 ne
1263 3289 1483 3370 conjiciamus
1503 3309 1582 3353 eum

351 3392 505 3468 invitum
519 3391 554 3450 in
570 3389 709 3450 exilium
725 3405 798 3450 esse
813 3391 968 3451 missum.

396 3490 435 3550 In
450 3485 576 3550 fabella
595 3510 607 3543 a
627 3489 728 3549 Canis
742 3489 943 3562 parturiens
962 3512 975 3542 2>
993 3487 1090 3565 (Har.
1103 3488 1152 3568 tlt)
1168 3486 1210 3566 (v.
1229 3505 1332 3566 supra
1347 3507 1379 3568 p.
1391 3487 1456 3568 pr.)
1471 3487 1584 3567 Sejani

353 3586 502 3666 consilia
519 3582 691 3647 blanditiis
712 3585 811 3646 simul
830 3588 862 3646 et
878 3584 1111 3665 conjuratione
1129 3585 1278 3665 parantis
1293 3584 1463 3648 Tiberium
1479 3602 1582 3662 regno

357 3686 493 3765 pellere,
511 3687 619 3764 poeta,
637 3686 674 3744 ut
689 3682 770 3744 mihi
787 3681 932 3759 videtur,
948 3682 1131 3746 denotavit.

398 3784 621 3855 Quos-aulem
642 3783 676 3842 in
699 3779 822 3843 fabella
836 3785 876 3844 tte
896 3784 1043 3844 Canibus
1062 3787 1227 3856 familiola
1247 3782 1343 3864 (Har.
1364 3783 1415 3864 21)
1438 3785 1583 3864 petierit,

357 3883 525 3944 incertum
541 3884 610 3952 est;
632 3877 723 3941 haud
737 3879 851 3958 inepte
867 3882 980 3941 tamen
1000 3880 1170 3942 existimet
1189 3881 1314 3961 aliquis
1335 3879 1376 3942 ab
1394 3899 1433 3944 eo
1449 3882 1585 3946 ravulas

354 3979 435 4044 ,illos
466 3977 609 4040 derideri
631 3977 705 4058 qui,
733 3994 810 4040 oum
837 3977 1024 4040 Phaedrum
1048 3977 1204 4041 viderent
1228 3996 1428 4060 oppressum
1444 3983 1475 4042 el
1492 3982 1585 4043 omni

352 4075 553 4147 ,defensione
570 4080 735 4154 egentem,
753 4074 963 4138 conabantur
978 4081 1011 4139 et
1026 4077 1091 4158 ipsi
1107 4079 1137 4139 ei
1154 4061 1327 4142 insultare.

398 4175 535 4236 Illorum
562 4174 671 4248 multi,
700 4175 813 4250 ignavi
842 4174 934 4248 olim,
965 4191 1056 4237 nunc
1082 4176 1118 4235 in
1148 4177 1310 4238 miserum
1338 4171 1522 4241 insolentes
1552 4182 1586 4240 et

360 4272 506 4335 audaces
517 4273 596 4334 l’acti
607 4275 712 4333 erant.
724 4271 775 4333 Ad
787 4289 844 4333 eos
860 4271 1038 4348 indignans
1053 4272 1203 4336 Phaeder
1219 4274 1402 4356 alloquitur
1412 4277 1447 4338 in
1462 4275 1586 4338 labella

361 4395 374 4426 α
390 4377 457 4434 Leo
466 4376 575 4434 sertem
585 4375 680 4444 Aper
693 4375 828 4433 Taurus
838 4371 1007 4433 etAstutts
1022 4394 1033 4426 t
1048 4371 1144 4450 (Har.
1158 4371 1220 4452 Ὦ),
1232 4373 1332 4436 simul
1344 4375 1587 4455 potentioribus

313 4453 317 4468 '
358 4470 506 4532 inimicis
521 4467 703 4549 respondet
718 4485 738 4528 a
752 4467 875 4548 quibus
888 4469 1027 4550 impune
1044 4468 1197 4533 laeditur.
1210 4471 1249 4532 ln
1262 4477 1461 4549 argumento
1471 4478 1585 4553 aperte

360 4568 542 4630 consilium
558 4571 676 4647 poetae
692 4565 883 4629 ostenditur
900 4585 907 4627 :

640 4752 823 4817 Quicumque
838 4753 938 4805 amisit
953 4753 1126 4818 dignitatem
1143 4754 1308 4820 pristinam,

639 4834 748 4897 lyncvt's
763 4833 843 4882 etiam
853 4832 931 4898 jocus
945 4841 982 4884 est
997 4835 1026 4883 in
1041 4849 1105 4884 cusu
1118 4836 1205 4898 procl.
