3636 5652
359 537 377 596 2
865 553 945 600 raas
968 553 1078 600 esraa.

359 711 435 758 esse
459 695 617 758 lacunam
642 699 721 776 posi
743 695 891 758 fabulam
914 697 950 760 ll
976 697 1016 759 de
1049 700 1196 774 Vulpeel
1214 702 1347 762 Coruo:
1374 700 1411 762 Iu
1434 718 1473 762 ea
1497 702 1587 764 enim

358 792 482 856 desunt
496 793 563 856 duc
580 811 700 857 versus
715 795 824 856 ultimi

576 964 635 1014 Hac
651 975 682 1015 re
699 963 838 1028 probatur
852 967 995 1028 quantum
1011 962 1167 1027 ingenium
1183 963 1348 1028 plolllelalt3

583 1043 686 1093 Virtute
701 1055 815 1100 semper
830 1043 978 1108 praevalet
992 1043 1148 1108 sapientia.

359 1230 444 1293 quos
457 1231 517 1293 pro
533 1218 626 1276 certo
642 1213 779 1278 habebit
794 1214 906 1294 quivis
926 1213 1053 1274 exitum
1073 1229 1143 1276 esse
1170 1211 1305 1277 tabulae
1328 1214 1532 1294 deperditae,
1556 1219 1589 1278 et

360 1312 394 1372 L.
418 1311 538 1390 flavet,
563 1315 747 1392 praeeunte
767 1311 954 1388 Dresslero‚
978 1315 1067 1373 recte
1089 1311 1249 1391 seposuit.
1272 1315 1340 1388 Ego
1357 1312 1433 1375 illos
1450 1315 1587 1376 minime

359 1426 437 1470 cum
465 1407 588 1471 fabella
611 1411 649 1472 ll
676 1425 863 1487 congruere
883 1407 1011 1487 judico,
1038 1408 1163 1488 qnippe
1189 1407 1280 1488 quod
1304 1410 1334 1470 ei
1358 1407 1502 1472 fabellae
1520 1411 1588 1491 jum

362 1507 531 1584 praecedit
548 1512 792 1587 argumentum,
811 1517 910 1588 atque
925 1507 960 1567 in
976 1523 1016 1568 ea
1031 1522 1099 1567 nou
1114 1506 1153 1568 de
1170 1509 1296 1570 uirtute
1313 1505 1372 1569 sed
1387 1505 1428 1569 de
1439 1508 1585 1588 stupidi-

360 1609 428 1667 tate
443 1607 537 1668 corvi
560 1606 679 1682 agitur.
701 1590 739 1668 lu
760 1607 897 1684 prologo
919 1607 1032 1666 alitem
1046 1602 1221 1684 profitetur
1234 1605 1385 1668 Phaeder
1400 1606 1485 1667 nihil
1499 1605 1589 1668 aliud

361 1719 396 1766 se
412 1704 445 1764 iu
462 1720 501 1764 eo
516 1703 603 1765 libro
620 1704 686 1766 nisi
703 1707 827 1783 Aesopi
847 1702 1007 1782 apologos
1033 1726 1046 1756 α
1065 1701 1221 1764 versibus
1242 1703 1403 1782 polluisse
1420 1728 1447 1766 a.
1464 1703 1587 1766 'laede-

360 1801 426 1862 oim
442 1801 569 1880 primae
585 1799 718 1862 fabulae
736 1800 839 1881 (l-lll
862 1817 940 1862 vere
957 1801 1089 1881 apologi
1106 1803 1195 1876 suni,
1214 1805 1248 1862 ct
1266 1801 1301 1860 in
1321 1801 1445 1881 Aesopi
1461 1801 1590 1881 sylloge

361 1899 614 1975 inveniantur¹;
634 1905 777 1978 excepta
790 1901 902 1960 tamen
917 1897 1047 1960 decima
1073 1897 1212 1978 (Passer
1230 1903 1275 1960 ad
1294 1902 1461 1975 Leporem
1485 1902 1590 1962 cousi·

361 1995 495 2078 llaior);
513 1987 546 2058 at
562 1997 744 2060 verisimile
760 1999 812 2059 est
827 2013 896 2057 nou
910 2012 1028 2058 omnes
1047 1996 1171 2075 Aesopi
1187 1994 1318 2060 fabulas
1333 1995 1374 2059 ad
1390 2014 1452 2059 nos
1468 2014 1588 2077 perve-

314 2127 318 2133 ·
362 2095 463 2158 nisse.
480 2091 743 2157 Narratiuncula
761 2118 773 2152 ι
789 2099 849 2157 liar
862 2097 979 2157 sutore
994 2097 1147 2156 Medicus
1165 2115 1177 2150 ι
1197 2111 1263 2155 non
1279 2095 1391 2175 potuit
1402 2111 1477 2158 esse
1488 2095 1588 2174 primi

362 2193 450 2268 libri,
477 2191 536 2255 sed
560 2197 651 2255 certe
669 2191 732 2256 luit
755 2192 907 2266 secundi,
933 2193 967 2254 iu
991 2209 1059 2272 quo
1081 2191 1231 2254 Phaeder
1255 2193 1301 2254 ait
1326 2210 1361 2255 se
1390 2191 1516 2256 sabulis
1546 2211 1587 2252 ex

361 2295 493 2371 Aesopo
529 2289 696 2370 decerptis
728 2292 806 2353 novi
836 2289 963 2372 aliquid
992 2291 1248 2370 interposuisse.
1282 2289 1443 2354 liubulam
1472 2294 1586 2352 autem

365 2413 377 2446 ι
394 2393 522 2452 Miluus
537 2390 568 2451 et
585 2373 794 2452 Columbae»
812 2389 889 2450 libri
904 2388 1003 2466 primi
1019 2388 1182 2466 ultimam,
1200 2404 1269 2449 uno
1287 2404 1385 2450 versu
1401 2386 1591 2452 breviorem

362 2505 435 2550 esse
453 2490 597 2560 constat,
620 2488 647 2549 si
667 2503 745 2549 cum
761 2505 801 2548 ea
816 2484 1021 2549 conterimus
1037 2486 1191 2548 Ademari
1207 2486 1426 2566 paraphrasin
1442 2489 1475 2547 et
1491 2485 1584 2548 codi-

363 2602 437 2648 cem
451 2583 793 2662 Wissenburgensem
810 2587 842 2646 et
858 2583 1143 2663 pseudo-Romuli
1155 2582 1315 2662 fabulam,
1328 2582 1387 2646 ubi
1398 2587 1475 2664 post
1486 2582 1588 2647 verba

364 2681 601 2745 Columbarum
617 2705 629 2740 r
647 2683 766 2745 merito
783 2683 989 2764 plectimur)
1013 2679 1178 2744 addentur
1191 2682 1276 2744 haec
1294 2701 1300 2744 :
1329 2683 1417 2762 aqui
1438 2685 1591 2744 nostrum

365 2782 522 2862 spiritum
545 2782 604 2842 iali
636 2780 839 2843 credidimus
861 2779 1001 2842 inimico
1026 2799 1041 2840 s
1063 2779 1217 2863 (Adam),
1234 2815 1273 2824 -
1299 2781 1387 2861 «qui
1412 2797 1472 2843 nos
1495 2797 1591 2861 prae-

366 2879 446 2942 doni
461 2879 691 2941 commisimus
721 2901 731 2935 r
759 2877 901 2959 (wisa),
926 2913 961 2923 -
993 2902 1006 2932 α
1035 2896 1121 2959 quae
1145 2895 1208 2940 nos
1233 2879 1291 2940 tali
1316 2879 1587 2941 commisimus»

362 2975 506 3056 (Rom.);
543 2995 678 3040 versum
713 2975 926 3039 deficientem
960 2977 1106 3038 restituit
1136 2977 1244 3038 Havet
1279 3001 1293 3031 «
1324 2977 1411 3039 Huic
1438 2977 1591 3058 spiritum

363 3073 525 3154 praedoni
551 3091 637 3154 quae
658 3074 890 3136 commisimus
905 3097 931 3132 a.
955 3071 1050 3135 Unde
1071 3076 1161 3135 recte
1186 3073 1388 3136 concludere
1410 3091 1591 3155 possumus

364 3190 481 3235 omnes
503 3171 636 3244 fabulas
658 3172 694 3233 in
723 3171 838 3234 codice
860 3172 992 3233 tertiam
1015 3169 1179 3233 decimam
1200 3177 1383 3251 sequentes
1406 3191 1424 3234 e
1442 3172 1592 3236 secundo

363 3271 447 3334 libro
468 3271 504 3332 iu
526 3272 670 3350 primum
690 3270 814 3332 librum
837 3287 919 3332 casu
941 3267 1087 3350 quodam
1108 3287 1180 3332 esse
1197 3271 1389 3350 translatas,
1407 3288 1482 3334 oum
1498 3271 1593 3334 nulla

364 3369 429 3430 alia
454 3367 709 3431 videaturinter
724 3386 781 3430 eas
805 3367 910 3430 fuisse
932 3368 1071 3440 lacuna,
1096 3371 1290 3449 septemque
1308 3373 1439 3430 tantum
1462 3389 1504 3432 ex
1525 3374 1592 3431 tolo

364 3484 502 3529 numero
517 3457 716 3530 ''fabularum
741 3466 774 3528 in
800 3469 953 3545 Aesopea
976 3465 1105 3546 sylloge
1128 3484 1218 3528 nunc
1240 3469 1447 3547 reperiantur
1471 3467 1593 3548 (Curres

362 3569 526 3641 famelici,
557 3563 599 3627 ci.
627 3566 735 3636 Halm,
762 3564 836 3641 21&
866 3599 901 3608 -
926 3566 1072 3626 Mustela
1097 3567 1130 3626 el
1151 3569 1273 3635 Homo,
1294 3566 1335 3628 ll.
1359 3567 1411 3638 89;
1433 3603 1473 3612 —
1494 3571 1594 3629 Carris

364 3667 483 3739 fidelis,
499 3663 540 3726 H.
558 3663 631 3740 164;
648 3698 688 3707 -
703 3668 802 3725 Rama
816 3665 921 3739 rupta
937 3665 968 3724 el
983 3668 1063 3739 Bos,
1081 3663 1120 3724 H.
1138 3663 1192 3738 8A;
1205 3697 1245 3709 -
1263 3667 1376 3739 Vulpis
1391 3666 1424 3727 et
1439 3669 1591 3736 Glcouta,

365 3763 404 3825 H.
422 3762 475 3837 343
499 3795 538 3806 -
562 3765 663 3824 Garris
686 3764 717 3823 el
741 3765 935 3823 Thesaurus
956 3763 985 3822 el
1014 3765 1199 3839 Vulturlus‚
1221 3761 1262 3824 H.
1279 3763 1358 3837 ium
1375 3797 1414 3808 —
1436 3767 1549 3838 Vulpis
1564 3765 1595 3826 et

365 3866 502 3937 Aquila,
532 3861 573 3922 H.
605 3861 645 3942 5),
672 3861 760 3922 inter
784 3863 914 3921 ceteras
936 3877 1016 3920 vero
1037 3861 1254 3921 inveniantur
1275 3865 1333 3922 aut
1353 3879 1439 3941 quae
1469 3879 1510 3924 ex
1531 3862 1596 3924 alio

366 3960 458 4024 fonte
482 3958 627 4022 fortasse
653 3959 793 4020 haustae
817 3961 894 4019 sunt
919 3949 1060 4038 (Mulier
1077 3960 1288 4036 parturiam,
1304 3995 1343 4003 -
1360 3963 1462 4022 Cauls
1472 3961 1596 4038 partu-

366 4064 472 4130 rteus,
488 4063 610 4120 -Leo
629 4073 736 4120 seuera
754 4061 848 4132 Aper
867 4061 1002 4119 Taurus
1022 4059 1053 4119 el
1073 4061 1268 4124 Astreus-
1291 4062 1398 4120 Curres
1421 4061 1452 4121 et
1474 4063 1596 4122 Corco-

367 4161 451 4230 atllt,
468 4193 505 4201 -
522 4162 639 4218 Rauae
653 4157 839 4218 metuentes
858 4159 1052 4218 Taurorum
1064 4160 1213 4230 praelia,
1226 4191 1263 4199 -
1274 4161 1402 4219 Miluus
1416 4160 1448 4220 ei
1465 4163 1597 4220 Colum·

369 4258 438 4335 true)
463 4258 521 4316 aut
552 4271 640 4334 quae
666 4255 790 4314 rectius
815 4253 1055 4334 pseudapologi
1088 4253 1261 4315 dicauiur²
1288 4255 1379 4333 (Ovis
1409 4259 1536 4318 Cereus
1565 4256 1597 4317 el

369 4359 498 4428 Lupus,
511 4387 549 4397 -
566 4355 655 4424 Ovis,
673 4355 776 4414 Carus
790 4353 820 4413 el
837 4350 977 4430 talpas),
997 4356 1055 4412 aui
1071 4352 1172 4411 etiam
1187 4368 1271 4430 quas
1287 4351 1330 4413 ab
1350 4353 1425 4431 ipso
1446 4352 1596 4414 Phaedro

369 4453 578 4528 excogitatas
590 4467 665 4512 esse
681 4448 780 4511 facile
795 4448 995 4511 crediderim
1011 4449 1081 4528 (Era
1094 4452 1211 4512 sutore
1225 4451 1404 4522 Mealcus³‚
1419 4487 1457 4495 -
1467 4455 1596 4514 Astreus
1611 4465 1612 4470 ’

399 4639 421 4688 1.
437 4637 527 4706 Saltem
545 4636 602 4686 olim
617 4636 788 4685 inveniebatur
803 4635 850 4685 lab.
868 4635 895 4683 11
911 4635 941 4684 de
957 4635 1026 4697 Lupo
1038 4637 1064 4683 ct
1084 4635 1165 4700 Vulpe
1179 4635 1272 4686 iudice
1288 4636 1376 4695 Simia,
1393 4641 1454 4686 teste
1469 4653 1493 4688 v.
1508 4637 1532 4690 3.

399 4711 423 4762 2.
439 4709 501 4758 Vide
516 4709 605 4766 Hares,
622 4706 666 4756 lib.
684 4706 758 4756 laud.
774 4721 798 4768 p.
815 4707 870 4766 257,
884 4710 896 4766 ἕ
912 4705 968 4757 150.

398 4782 422 4833 3.
438 4781 541 4830 Videtur
556 4784 634 4828 tamon
649 4778 736 4827 labella
751 4798 762 4824 a
774 4778 815 4828 Eu
830 4781 918 4828 sutore
933 4776 1097 4828 mediatore
1112 4791 1198 4841 graeco
1210 4779 1274 4828 lonte
1287 4785 1398 4842 sumpta:
1413 4781 1443 4829 cl.
1461 4781 1511 4830 v.6
1529 4781 1597 4856 urhis

372 4874 403 4894 =
418 4855 521 4908 πόλεως.
