3636 5652
634 549 676 594 na
698 551 822 596 ennius
844 516 1080 596 passaranum,
1184 517 1186 523 ¹
1455 531 1474 592 t

246 697 399 776 positus;
425 696 526 758 credo
551 698 710 778 equidem
731 715 820 760 anno
841 699 879 762 16
905 702 961 762 aut
985 701 1035 772 11,
1056 698 1083 760 si
1108 695 1150 759 ad
1173 697 1332 778 Sejanum
1357 696 1473 758 uxoris

246 793 419 857 ducendae
435 795 606 875 cupidum,
634 799 672 859 ut
696 796 878 860 verisimile
904 799 965 869 est,
990 795 1109 857 alludit
1124 793 1274 857 Phaeder
1293 795 1328 856 in
1350 792 1474 856 labella

248 913 263 954 1
279 898 398 956 Ranae
412 897 457 956 ad
470 899 574 956 solem
592 917 620 972 1,
638 896 800 975 quoniam
814 911 903 957 anno
919 895 957 957 25
973 893 1112 974 Sejanus
1124 893 1263 968 Liviam,
1275 892 1375 956 Drusi
1390 909 1474 953 uxo-

246 1008 327 1064 rem,
347 990 520 1070 petiverat.
537 989 640 1070 (Tro,
658 998 762 1066 Aua,
780 991 837 1069 IV,
854 991 916 1071 39).

286 1095 424 1160 Librum
448 1098 592 1178 primum
612 1097 757 1175 benigne
779 1102 812 1161 et
835 1097 986 1161 studiose
1010 1103 1187 1177 acceptum
1207 1114 1284 1160 esse
1301 1076 1485 1166 existimes
1560 1137 1563 1142 ‹

247 1213 325 1259 oum
340 1200 476 1276 propter
491 1197 641 1276 leporem
657 1197 829 1270 carminis,
847 1199 917 1258 tum
933 1197 1033 1258 etlam
1050 1195 1140 1276 quod
1156 1194 1197 1256 ad
1212 1212 1266 1257 res
1280 1198 1475 1274 praesentes

246 1292 381 1357 fabulae
390 1293 572 1355 nonnullae
582 1296 749 1374 pertinere
758 1293 969 1356 videbantur.
982 1295 1118 1356 Poetam
1127 1297 1240 1354 autem
1249 1292 1289 1354 ad
1300 1291 1472 1372 Sejaoum,

248 1390 289 1452 ad
305 1391 388 1453 alios
402 1409 572 1454 summum
587 1392 700 1454 locum
716 1391 907 1454 obtinentes
919 1391 1078 1454 allusisse
1094 1392 1128 1452 in
1143 1389 1278 1465 fabulis,
1293 1407 1392 1454 nemo
1407 1407 1475 1452 non

248 1492 457 1570 compertum
471 1488 584 1562 habet,
602 1506 644 1552 ne
658 1491 730 1569 ipse
747 1490 884 1571 quidem
899 1488 1048 1552 Phaeder
1062 1487 1244 1552 inficiatur.

513 1693 594 1756 Quod
610 1693 635 1745 si
650 1698 803 1746 aecusator
816 1693 895 1746 alius
911 1694 1016 1759 sejano
1031 1693 1114 1756 toret,

513 1855 631 1918 Dignum
645 1855 753 1907 faterer
768 1868 833 1907 esse
847 1868 894 1908 me
911 1855 1002 1906 tantis
1018 1853 1114 1906 malis.

1047 1951 1117 2006 (spu.
1132 1951 1159 1993 11.
1176 1951 1283 2002 111111,
1299 1963 1319 1992 v.
1336 1949 1419 2002 lr-la.)

511 2087 545 2137 ln
560 2085 757 2138 calamitatem
771 2085 925 2151 dlelligens
941 2084 1092 2150 qa[a]edam
1106 2095 1211 2136 meam.

1049 2181 1118 2236 (Epll.
1132 2183 1157 2224 ll.
1174 2181 1230 2223 llav.
1245 2180 1279 2234 13,
1292 2191 1314 2223 v.
1328 2179 1371 2231 lo.)

291 2400 426 2472 Verum,
439 2402 556 2478 utpote
572 2399 630 2479 qui
648 2421 661 2453 «
678 2414 788 2460 mores
801 2397 976 2459 homiuum
994 2419 1006 2452 »
1024 2396 1199 2460 universos
1213 2393 1346 2458 volebat
1361 2397 1475 2456 osten-

251 2498 340 2572 dere,
359 2497 425 2558 alia
440 2513 575 2577 quoque
591 2495 738 2558 notanda
753 2499 971 2576 susceperat:
987 2495 1069 2556 vitia
1085 2493 1213 2556 scilicet
1227 2497 1261 2555 et
1276 2493 1476 2572 pravitatem

251 2595 446 2667 multorum,
464 2594 643 2674 praecipue
654 2593 870 2660 insolentiam
881 2608 999 2655 eorum
1010 2593 1068 2674 qui
1083 2592 1181 2655 malis
1192 2590 1322 2654 artibus
1332 2591 1478 2654 honores

251 2696 284 2755 el
312 2692 448 2754 divitias
478 2694 771 2772 comparaverant,
805 2688 997 2771 superbiam
1033 2694 1066 2752 et
1095 2691 1293 2752 inanitatem
1322 2689 1475 2760 divitum,

251 2791 392 2871 injurias
408 2790 649 2869 potentiorum.
662 2789 716 2851 dt
736 2789 800 2868 ipsi
821 2788 973 2864 legentes
990 2812 1005 2844 1
1022 2788 1159 2852 obnoxii
1174 2787 1326 2869 proprios
1340 2785 1479 2849 affectus

250 2891 286 2949 in
308 2885 449 2950 fabellas
474 2887 769 2961 transtulerunt»,
794 2887 1024 2967 Sejanumque
1047 2885 1175 2967 ubique
1196 2883 1421 2964 significatum
1446 2888 1480 2945 et

250 2987 446 3048 lacessitum
461 2983 605 3047 libenter
620 2983 846 3047 erediderunt.
866 2986 943 3047 Mox
961 3002 1042 3046 vero
1056 2984 1123 3062 ille,
1142 2997 1182 3046 ea
1195 2983 1236 3046 de
1253 3001 1289 3046 re
1304 2982 1347 3045 ab
1364 2999 1480 3046 assen-

254 3082 418 3147 tatoribus
447 3083 612 3158 mouilus‚
645 3082 798 3145 libellum
828 3084 883 3144 vix
913 3086 1046 3153 notum,
1077 3087 1260 3164 antequam
1292 3083 1327 3143 in
1357 3096 1480 3142 manus

254 3184 406 3244 omnium
430 3181 571 3255 veniret,
594 3181 782 3244 tollendum
806 3182 949 3254 curavit,
974 3184 1175 3262 poetamque
1204 3182 1351 3259 graviter
1377 3179 1479 3240 mini-

255 3279 355 3343 tando
371 3279 477 3342 vetuit
492 3281 675 3360 quidquam
689 3281 857 3358 posterius
873 3278 1031 3342 scrihere.

800 3590 868 3652 Lra.
892 3589 935 3652 11.

294 3851 364 3913 Nec
379 3849 491 3930 Sejaui
503 3850 623 3922 solum,
640 3849 699 3911 sed
716 3850 816 3911 etiam
836 3850 990 3923 aliorum,
1013 3853 1051 3910 ut
1071 3846 1143 3909 deri
1164 3849 1250 3911 solet
1271 3846 1328 3910 ubi
1349 3849 1427 3928 quis
1447 3849 1481 3910 in

255 3948 481 4012 calamitatem
496 3949 596 4025 venit,
610 3946 761 4010 Phaeder
775 3947 970 4010 inimicitias
987 3951 1193 4026 susceperat.
1207 3947 1366 4017 Quamvis
1380 3946 1482 4022 igitur

254 4045 423 4110 laboraret
453 4046 543 4108 illius
570 4044 712 4126 judicic,
738 4029 806 4108 nbn
832 4047 941 4126 potuit
970 4044 1102 4107 illorum
1127 4045 1351 4108 contumelias
1378 4045 1481 4108 silens

255 4145 418 4225 accipere.
445 4145 507 4216 Qui
532 4145 650 4225 quales
674 4143 801 4207 luerint
825 4161 902 4207 mox
928 4142 1127 4206 videbimus.
1153 4143 1252 4206 Nunc
1276 4160 1344 4226 qno
1369 4143 1482 4206 animo

255 4241 379 4305 librum
395 4241 582 4328 seeundum
598 4243 838 4321 conscripserit
853 4240 1096 4321 explorandum
1114 4239 1268 4304 arbitror.

296 4341 456 4417 Prologus
479 4340 507 4400 ll
534 4338 679 4401 multum
704 4337 815 4402 differt
831 4358 850 4400 a
866 4339 1004 4419 prologo
1018 4339 1042 4401 1.
1063 4339 1164 4402 Poeta
1179 4340 1281 4414 enim,
1299 4339 1357 4420 qui
1373 4338 1483 4402 adhuc

256 4437 341 4501 nibil
365 4437 453 4500 aliud
475 4455 579 4518 quam
602 4439 726 4517 Aesopi
748 4439 922 4500 materiam
938 4438 1114 4515 poliverat,
1129 4437 1198 4517 jam
1214 4437 1341 4517 aliquid
1357 4439 1482 4518 proprii

255 4536 383 4613 fingere
403 4537 589 4615 temptavit.
611 4537 693 4598 Cum
714 4553 791 4597 eum
812 4536 867 4596 alil
887 4535 1107 4612 lacesserent,
1133 4538 1390 4598 contemnerent
1410 4537 1480 4611 alii,

256 4633 364 4697 laudis
380 4634 590 4714 quaerendae
610 4649 678 4695 nou
693 4631 833 4706 oblitus,
852 4633 916 4694 etsi
928 4631 1113 4712 jubebatur
1128 4632 1237 4707 silere,
1253 4649 1338 4712 opus
1355 4649 1481 4695 novum

258 4735 388 4796 secreto
421 4747 615 4811 comparare
648 4731 837 4804 constituit,
868 4729 1115 4810 scribendoque
1150 4731 1252 4793 simul
1289 4755 1302 4784 1
1332 4730 1481 4798 dolorem

256 4829 428 4894 delenivit.
448 4853 461 4886 1
485 4829 535 4891 Ad
556 4827 646 4908 quod
663 4827 912 4908 suscipiendum
928 4829 1002 4908 ipsa
1017 4829 1232 4900 inimicorum
1247 4829 1296 4890 ira
1312 4829 1342 4890 el
1357 4829 1480 4892 incita-
