3612 5638
525 530 567 574 nn
590 530 816 578 rnnnnnanuu
838 531 944 578 seusu
965 531 1160 578 ancoumro.
1417 513 1455 574 73

233 676 366 751 bantur,
379 673 638 738 aliudobstabat
654 691 695 736 ne
711 673 861 736 Phaeder
874 673 996 736 lamam
1008 675 1175 753 egregiam
1190 677 1455 755 consequeretur

233 791 317 835 neve
343 777 513 851 spectatus
538 777 641 842 esset,
659 772 749 852 quod
773 773 847 852 ipse
870 772 964 834 dives
995 790 1062 835 non
1090 777 1159 835 erat
1194 777 1295 853 atque
1322 771 1456 834 divitias

233 871 361 932 minimi
376 869 529 933 iaciebat.
547 870 697 945 Quidam,
715 874 754 930 ut
772 871 901 932 Seneca
923 873 956 932 et
979 869 1119 948 Plinius,
1142 874 1278 951 propter
1301 869 1454 938 fortunas

233 974 264 1031 ei
290 970 414 1046 locum,
428 969 499 1049 jam
524 973 601 1031 ante
626 986 727 1049 quam
748 966 874 1047 aliquid
899 968 1108 1050 scripserunt
1124 967 1255 1030 nobiles
1273 971 1307 1030 et
1324 966 1456 1048 probati

233 1066 379 1140 fuerunt.
411 1066 635 1139 Quintilianus
664 1067 764 1127 etiam
795 1062 850 1143 (ci.
875 1066 997 1129 Juven.
1025 1069 1093 1128 Sat.
1125 1066 1184 1128 Vll
1210 1084 1265 1129 vv,
1294 1065 1350 1127 '187
1382 1064 1456 1146 sqq)

233 1182 353 1243 magno
370 1165 492 1227 salario
509 1162 709 1238 donabatur,
723 1162 937 1244 etprofessor
948 1162 1104 1244 publicus
1122 1165 1320 1227 auctoritate
1336 1163 1455 1226 valuit.

233 1263 381 1326 Phaeder
397 1281 475 1326 vero
492 1279 622 1344 pauper
637 1266 670 1324 et
684 1260 854 1326 obscurus
868 1263 1005 1336 mansit,
1031 1264 1094 1328 etsi
1107 1260 1266 1342 Sejanum
1281 1262 1456 1324 inimicum

231 1361 360 1438 habuit,
385 1361 530 1443 Eutychi
553 1361 677 1422 auxilio
701 1361 831 1424 levatus
852 1364 913 1424 est.
937 1361 1083 1423 Humilis
1103 1360 1252 1424 hominis
1271 1377 1374 1441 opera
1398 1359 1454 1421 diu

233 1463 474 1537 ignoraverunt
497 1457 629 1521 nobiles
651 1459 710 1536 illi,
735 1459 930 1539 praesertim
952 1459 1047 1521 dives
1070 1459 1198 1521 Seneca
1223 1457 1455 1539 philosophiae

232 1556 364 1620 deditus
379 1557 437 1637 qui
454 1557 487 1618 in
504 1555 583 1618 aula
597 1557 788 1636 principum
800 1557 929 1618 versari
948 1557 1067 1618 solitus
1084 1560 1146 1618 est.
1163 1557 1253 1620 luter
1267 1573 1326 1618 eos
1342 1559 1455 1618 autem

232 1655 357 1736 quibus
377 1658 479 1717 notus
499 1654 564 1718 luit
582 1654 743 1736 Phaeder,
761 1653 899 1716 fuerunt
918 1655 978 1735 qui
999 1652 1255 1732 indignarentur
1270 1653 1311 1716 ab
1327 1671 1367 1716 eo
1382 1654 1456 1731 glo-

233 1754 316 1814 riam
341 1752 453 1832 appeti
474 1753 533 1833 qui
556 1750 682 1813 divitiis
705 1752 883 1814 scientiam
905 1753 1176 1832 anteponendam
1198 1770 1273 1814 esse
1290 1754 1453 1826 censeret.

233 1853 312 1912 Pars
323 1850 428 1931 major
439 1867 556 1912 eorum
566 1849 773 1931 quibuscum
784 1848 921 1912 vivebat
933 1869 974 1912 ex
986 1849 1253 1928 negotiatoribus
1266 1849 1453 1914 constabat.

233 1947 343 2020 credo,
366 1951 424 2010 aut
453 1947 710 2022 mercatoribus,
728 1951 787 2009 aut
808 1952 1062 2027 procuratorum
1084 1947 1206 2010 scribis
1227 1952 1260 2010 et
1279 1949 1455 2021 ministris,

231 2050 291 2108 aut
315 2045 458 2123 libertiS,
484 2049 543 2107 aut
567 2045 649 2123 aliis,
680 2047 739 2126 qui
762 2046 899 2108 divitias
920 2047 1057 2126 plurimi
1083 2045 1320 2117 aestimabant,
1348 2049 1459 2110 cetera

234 2144 341 2206 nihili.
364 2144 416 2206 llli
438 2161 557 2206 omnes
581 2142 770 2208 Phaedrum
793 2142 979 2206 irridebant
1002 2143 1141 2224 ejusque
1166 2146 1276 2207 vicem
1298 2143 1458 2206 dissimu-

233 2242 341 2304 lanter
355 2241 525 2316 dolebant,
542 2243 601 2321 qui
620 2239 747 2304 laboris
762 2245 794 2304 et
811 2241 966 2304 miseriae
982 2243 1172 2323 praesentis
1187 2241 1340 2305 futurum
1354 2259 1451 2322 prae-

234 2339 339 2401 urium
354 2359 373 2402 a
388 2340 532 2420 posteris
546 2342 770 2419 exspectaret.

274 2439 466 2529 Respondet
486 2437 552 2501 illis
572 2437 722 2500 Phaeder
742 2438 886 2519 primum
908 2435 1012 2518 (labb.
1029 2441 1058 2511 i,
1082 2438 1130 2516 18,
1149 2437 1196 2514 28)
1214 2455 1280 2500 non
1298 2438 1461 2517 optandos

234 2553 307 2598 esse
322 2536 469 2600 honores
492 2552 604 2617 neque
627 2534 780 2613 divitias;
803 2535 992 2598 secuudum
1007 2533 1107 2615 (labb.
1127 2537 1175 2612 10,
1193 2537 1243 2614 ii,
1261 2537 1311 2614 28)
1326 2536 1459 2599 divitias

233 2639 265 2696 et
288 2636 449 2698 virtutem
474 2653 547 2698 esse
571 2636 756 2710 contraria;
784 2635 969 2696 novissime
993 2633 1097 2716 (labb.
1125 2636 1175 2713 20,
1201 2633 1250 2714 23)
1280 2635 1457 2697 scientiam

236 2734 354 2796 unicas
372 2737 405 2796 et
419 2751 518 2796 veras
535 2751 611 2796 esse
625 2733 772 2795 divitias.

274 2831 476 2896 Hominibus
490 2833 638 2894 honores
656 2849 731 2894 esse
747 2849 848 2911 saepe
864 2830 1025 2911 periculo,
1042 2830 1204 2894 humilem
1224 2829 1459 2894 condicionem

235 2929 335 2991 saluti
347 2929 504 2993 admonet
515 2928 637 2992 fabella
648 2930 667 2991 i
680 2953 693 2985 «
707 2935 829 3006 Puprm
840 2933 995 2991 Marium
1006 2930 1038 2990 et
1048 2930 1274 2990 Mostelnrmn
1286 2930 1381 3008 [Hav.
1394 2928 1456 3009 83).

467 3154 675 3216 Quemcunque
691 3151 833 3216 populum
849 3144 942 3204 tristis
958 3157 1085 3204 eventus
1100 3151 1217 3216 premit,

467 3231 649 3283 Periclitatur
662 3230 831 3295 magnitudo
847 3230 1021 3295 principum,

468 3313 581 3365 Minuta
593 3311 713 3375 plebiels
728 3310 809 3362 facili
824 3310 971 3374 praesidio
985 3309 1067 3362 latet.

1217 3439 1250 3488 (v.
1266 3437 1348 3486 ll-la.)

274 3693 402 3753 Diuites
417 3707 487 3752 esse
501 3705 619 3750 avaros
633 3686 731 3749 docet
747 3703 808 3748 nos
824 3683 948 3748 labella
968 3688 1005 3752 18
1020 3688 1119 3766 (Har.
1135 3687 1196 3768 70),
1214 3689 1323 3751 avaris
1344 3692 1457 3752 autem

237 3815 249 3846 ‹
282 3805 421 3866 magnas
449 3804 532 3867 opes
561 3801 761 3862 exaggerare
796 3785 1037 3864 quaerentibus
1065 3786 1157 3847 omui
1185 3787 1300 3862 vigilia
1331 3811 1345 3843 a
1377 3788 1457 3850 nihii

235 3890 393 3950 miserius
411 3905 418 3946 ι
436 3883 565 3957 Quibus
582 3883 741 3953 Phaeder,
759 3887 795 3944 ut
808 3882 954 3944 Draconi
971 3882 1091 3962 Vulpis
1110 3903 1116 3944 :

779 4111 792 4143 α
808 4096 899 4157 Quem
915 4095 1028 4146 tructus
1044 4096 1124 4160 capis

345 4197 346 4200 ¹
451 4179 511 4228 Hoc
526 4189 563 4229 ex
575 4177 683 4238 labore,
699 4175 814 4240 quodve
830 4180 946 4227 tantum
956 4182 1002 4228 est
1015 4177 1187 4242 praemium,

450 4261 487 4312 Ut
501 4269 600 4310 careas
615 4268 718 4307 somno
734 4263 762 4308 et
773 4269 877 4308 aevum
892 4255 922 4306 iu
941 4257 1069 4310 tenebris
1083 4257 1204 4322 exiges?

452 4627 523 4679 Nolo
538 4623 674 4676 irascaris
690 4621 780 4674 libere
795 4620 820 4671 si
835 4620 955 4672 dixero:

450 4707 549 4756 Discat
563 4705 644 4754 tratis
658 4707 739 4752 uatus
754 4701 804 4766 qui
820 4706 865 4752 est
881 4701 987 4753 similis
1002 4703 1056 4755 tui.
1074 4723 1085 4748 u
