3636 5652
348 523 366 588 8
856 543 935 588 runs
959 544 1067 590 raros.
1097 533 1099 540 '

347 684 472 748 festum
486 686 560 764 erit,
573 687 602 749 si
617 685 715 749 modo
732 687 892 749 attentius
910 687 1090 767 perlegeris
1106 690 1214 750 totum
1230 687 1400 767 epilogum
1411 687 1458 749 ita
1470 689 1571 750 resti·

348 787 470 855 tutum,
487 783 572 847 libro
590 785 696 863 primo
708 784 836 847 edendo
847 786 1029 848 nonnullos
1043 790 1177 865 poetam
1192 785 1254 848 sibi
1270 785 1390 849 fecisse
1406 785 1570 861 inimicae,

346 883 435 945 inter
449 900 534 963 quos
551 881 693 962 Sejanus
710 880 772 945 luit
787 887 820 944 et
836 883 891 944 alii
908 884 967 964 qui
988 902 1024 946 se
1039 885 1073 945 in
1093 884 1161 946 illis
1176 883 1302 948 fabulis
1322 885 1391 964 peti
1407 885 1572 965 suspicati

348 984 454 1052 erant,
473 980 530 1041 alii
550 997 686 1061 quoqne
705 981 765 1061 qui
784 980 934 1044 Phaedro
954 981 1166 1060 denegabant
1189 981 1322 1046 laudem
1344 981 1513 1044 scribendi
1537 986 1570 1045 et

346 1079 469 1158 Aesopi
484 1078 578 1156 logos
598 1079 670 1158 ejus
684 1077 799 1141 libello
816 1080 1075 1158 anteponebant,
1094 1097 1205 1161 neque
1225 1079 1441 1162 patiebantur
1460 1080 1570 1143 homi-

349 1192 425 1238 nem
440 1194 566 1239 novum
587 1177 635 1238 illi
657 1178 729 1239 seui
752 1178 926 1239 aemulari.
943 1179 1099 1259 Utrisque
1114 1179 1322 1258 respondent
1336 1195 1457 1240 versus
1472 1179 1570 1258 primi

348 1299 361 1330 α
379 1279 414 1338 St
429 1277 585 1338 nostram
599 1276 750 1338 stadium
764 1281 808 1338 ad
822 1292 926 1338 aures
939 1278 1187 1356 peccatrices
1190 1323 1252 1340 .....
1270 1282 1339 1340 Neo
1353 1281 1405 1339 lats
1418 1281 1572 1339 dolorem

345 1370 577 1452 alellle]atrem
605 1373 765 1438 remediis
781 1397 813 1446 s,
840 1379 871 1435 at
897 1374 1066 1454 prioribus
1091 1393 1212 1438 versus
1237 1379 1419 1456 sequentes
1449 1377 1562 1438 «Sus-

344 1472 502 1549 ptlcltoae
523 1476 554 1534 si
577 1475 652 1548 qais
674 1475 804 1535 errabit
831 1489 934 1535 aaa...
973 1477 1095 1536 Veraci
1122 1478 1236 1550 ipsam
1263 1476 1370 1537 ollam
1398 1477 1428 1536 et
1457 1489 1571 1535 mores

345 1573 520 1632 nominare
544 1567 771 1642 ostendere»,
797 1571 911 1633 alteris
935 1570 1019 1634 haec
1045 1597 1060 1627 «
1085 1577 1168 1635 Rem
1188 1589 1243 1635 rae
1264 1577 1463 1648 professam
1486 1574 1570 1634 atoel

344 1667 446 1747 for[s·]
476 1673 599 1744 aliquis
626 1685 807 1746 gravem...
840 1673 945 1738 Quom
966 1673 1044 1744 jare
1071 1675 1155 1734 artat
1182 1675 1356 1735 collemate
1385 1669 1573 1752 ala]o[t]lar

345 1770 459 1843 glorta
477 1789 505 1828 a.
1033 1783 1036 1788 ·

387 1865 534 1941 Poetam,
551 1882 629 1928 cum
651 1867 817 1947 epilogum
841 1867 870 1928 ll
895 1867 1066 1940 scriberet,
1084 1867 1194 1931 adhuc
1219 1869 1253 1929 in
1278 1868 1473 1931 calamitate
1495 1885 1572 1930 esse

347 1960 495 2024 declarat
509 1961 740 2044 imperfectum
760 1987 772 2020 ι
789 1963 875 2027 foret
897 1985 912 2026 r
932 1966 966 2027 in
981 1965 1035 2028 his
1051 1963 1206 2029 versibus
1223 1987 1231 2026 ε

642 2166 723 2228 Quod
740 2167 786 2230 slil
801 2172 954 2219 aecusator
969 2168 1047 2220 alius
1063 2169 1169 2232 Seiano
1184 2167 1260 2231 sorel,
1341 2167 1343 2174 '

643 2247 672 2298 Si
689 2247 774 2299 testis
788 2248 876 2309 alius
889 2248 981 2312 judex
996 2248 1075 2301 allus
1090 2249 1224 2314 denique,

646 2328 774 2392 Dignum
790 2328 896 2381 faterer
913 2341 959 2380 mo
975 2330 1066 2382 lautis
1081 2329 1179 2393 malis,

643 2410 702 2461 Nec
715 2408 762 2460 his
777 2408 906 2462 dolorem
920 2409 1125 2474 dlellleluirem
1140 2410 1287 2464 remediis.

1294 2509 1356 2559 (nav.
1371 2509 1398 2552 ta
1410 2521 1432 2550 v.
1447 2505 1522 2561 lr-tot

390 2741 481 2812 Quae
506 2744 616 2802 autem
638 2745 819 2806 calamitas
843 2759 883 2804 ea
906 2740 1018 2816 fuerit,
1040 2758 1127 2821 quae
1150 2742 1247 2803 tauta
1270 2745 1375 2812 mala,
1399 2740 1509 2819 ipsius
1534 2757 1574 2800 ex

351 2837 484 2918 apologi
500 2838 614 2902 verbis
636 2840 757 2919 conjici
775 2843 894 2920 polest.
920 2840 1038 2920 Neque
1063 2840 1152 2900 enim
1178 2838 1285 2900 mulla
1309 2837 1486 2900 damnatus
1510 2842 1572 2907 est,

350 2937 474 3016 quippe
502 2939 562 3018 qui
586 2939 766 3016 pecuniam
789 2938 884 3000 nihili
908 2936 1025 3012 laciat3
1056 2954 1168 3017 neque
1200 2935 1297 2998 bonis
1324 2935 1500 3015 spoliatus,
1518 2936 1576 3016 qui

350 3033 432 3096 nihil
449 3036 614 3116 possidet3
643 3054 751 3118 neque
776 3038 810 3098 in
835 3053 1007 3100 carcerem
1029 3035 1216 3115 conjectus,
1234 3035 1344 3096 omnis
1369 3033 1458 3094 euim
1482 3034 1576 3094 locus

351 3134 460 3211 arguit
474 3132 579 3198 fuisse
594 3135 739 3198 liberum
754 3135 811 3215 qni
831 3159 843 3192 ι
862 3135 1062 3197 sollemnem
1079 3134 1216 3210 gloriam
1235 3157 1261 3206 l,
1288 3131 1353 3195 sibi
1369 3129 1571 3206 vindicaret3

354 3249 461 3313 neque
494 3232 529 3293 in
559 3233 661 3296 exilio
685 3233 789 3296 vitam
813 3232 943 3310 agebat,
975 3225 1094 3296 contra
1118 3250 1220 3312 quam
1242 3233 1336 3311 putat
1360 3231 1395 3291 L.
1426 3229 1536 3292 Havet
1566 3247 1572 3288 :

352 3330 476 3393 Romae
492 3331 654 3410 scriptum
670 3347 744 3393 esse
759 3329 946 3392 secundum
961 3329 1084 3392 librum
1105 3328 1232 3390 iudicat
1247 3327 1370 3390 fabella
1384 3333 1423 3390 ae
1445 3331 1574 3389 Tiberio

353 3432 499 3491 Caesare
523 3433 567 3490 ad
588 3431 795 3492 Atrteaaem.
813 3430 989 3491 Praeterea
1004 3427 1045 3490 de
1066 3427 1166 3489 exilio
1183 3427 1276 3488 nulla
1292 3443 1434 3506 usquam
1450 3425 1575 3487 mentio

351 3524 442 3589 sacta
466 3530 528 3600 est,
556 3526 645 3607 quod
669 3528 840 3590 silentium
865 3528 988 3589 mirum
1013 3525 1162 3606 prolecto
1188 3528 1222 3586 et
1250 3541 1370 3604 parunt
1392 3522 1575 3585 verisimile

352 3623 434 3687 mihi
449 3623 592 3686 videtur.
611 3625 779 3688 Audacius
794 3627 908 3705 itaque
924 3643 962 3686 ac
980 3626 1092 3686 minus
1118 3627 1343 3700 congruenter
1367 3640 1386 3683 a
1404 3624 1438 3684 L.
1466 3623 1577 3684 Havet

352 3723 546 3785 restitutum
563 3741 638 3786 esse
653 3722 798 3786 arbitror
815 3747 828 3779 «
847 3724 986 3784 exilium
1004 3742 1019 3782 a
1037 3740 1095 3802 pro
1112 3745 1127 3775 a
1140 3721 1278 3782 exitium
1292 3745 1303 3776 r
1319 3722 1352 3781 iu
1368 3720 1432 3782 hoc
1447 3737 1550 3782 versu
1568 3738 1573 3779 :

354 3839 370 3881 ι
396 3821 514 3883 Fatale
540 3824 684 3884 auctitare
708 3821 807 3884 corde
829 3820 947 3882 durato
972 3819 1120 3882 leram.»
1147 3819 1209 3880 Hic
1233 3837 1248 3879 a
1272 3817 1373 3881 fatale
1396 3819 1574 3880 exitium»

353 3918 435 3981 nihil
472 3918 563 3980 aliud
592 3919 762 3998 significat
783 3938 883 4001 quam
917 3919 1079 4000 injustam
1108 3918 1345 3988 calamitatem,
1375 3917 1575 3978 immeritam

355 4033 508 4096 poenam.
542 4017 666 4081 Eodem
691 4018 795 4080 verbo
822 4018 922 4080 simili
952 4032 1052 4079 sensu
1088 4015 1193 4076 utitur
1222 4015 1373 4077 Phaeder
1399 4017 1433 4076 in
1462 4013 1578 4078 fabula

354 4119 395 4176 ae
410 4119 517 4178 Malao
532 4117 563 4178 et
581 4120 759 4180 Colaueots.
776 4114 873 4195 (Hav.
890 4114 953 4193 32.)

588 4321 644 4382 Qui
660 4333 691 4372 se
706 4320 866 4372 committit
881 4317 994 4370 homini
1010 4315 1168 4367 tutandum
1186 4315 1328 4380 improbo,

589 4401 739 4452 Auxilium
756 4400 827 4450 dum
843 4398 973 4461 requirit,
992 4396 1106 4445 emiliam
1123 4395 1238 4446 invenit
1240 4433 1288 4447 .....

589 4481 669 4532 'runc
685 4481 720 4534 de
736 4480 856 4544 reliquis
870 4491 928 4530 una
946 4494 951 4527 :
967 4496 980 4525 a
998 4477 1099 4528 Merito
1113 4476 1261 4540 plectimur.
1279 4491 1292 4525 a

398 4730 543 4792 Exitium
559 4729 622 4794 sibi
638 4736 728 4794 recte
744 4730 875 4812 putavit
891 4733 990 4809 poeta
1005 4723 1127 4787 librum
1142 4742 1240 4788 suum
1254 4728 1460 4791 amalevolis
1472 4729 1579 4790 laces-

357 4827 474 4908 situm,
505 4831 682 4909 susceptas
708 4828 858 4909 undique
895 4824 1100 4900 inimicitias,
1131 4839 1225 4905 spem
1248 4826 1351 4888 totins
1388 4826 1478 4888 vitae
1507 4824 1577 4890 fere
