3636 5652
562 509 604 553 nl:
627 507 847 554 FABELLARUM
869 510 970 556 SENSU
993 509 1183 554 RECONDITO.
1447 491 1485 552 37

263 652 343 716 falsa
358 655 472 733 specie
482 652 622 732 decepti,
637 652 768 728 divites,
784 669 899 715 nense
915 653 1025 714 virum
1041 651 1188 724 doctum,
1202 649 1485 731 laudibusprose-

262 755 429 833 quantur;
451 752 608 814 irascitur
624 751 744 814 stolido
765 749 919 830 Fato-(cl.
938 753 1057 814 Fatale
1080 753 1224 814 actatum
1245 750 1304 829 Ep.
1331 750 1360 811 ll
1385 750 1484 829 (Har.

261 849 310 924 43,
336 848 367 930 7)
392 885 429 894 -
452 852 631 922 durescit
654 853 796 932 miserta
818 850 876 926 ΙΙΙ,
898 849 936 912 ab
958 848 1052 920 (Har.
1079 850 1127 919 78,
1156 846 1187 928 3)
1212 847 1302 927 quod
1326 848 1485 910 virtutem

261 946 406 1010 obscuro
421 947 455 1008 iu
471 948 546 1025 loco
560 948 664 1010 latere
678 948 776 1010 sinat.
795 949 876 1011 Cum
888 951 999 1009 auteur
1014 964 1123 1009 rerum
1135 945 1256 1008 faciem
1271 949 1402 1008 mutare
1417 963 1485 1008 nou

263 1047 381 1124 possit,
389 1047 487 1125 juvat
502 1063 578 1108 eum
593 1044 764 1125 improbos
776 1045 955 1119 lacessere,
969 1048 1002 1105 et
1015 1045 1138 1107 stultos
1154 1043 1316 1107 deridere.
1334 1043 1368 1105 Si
1385 1042 1483 1106 modo

263 1143 338 1205 illas
353 1143 431 1205 libri
447 1144 546 1222 primi
562 1142 694 1205 fabulas
714 1144 867 1217 intueris,
886 1142 1055 1223 improbos
1075 1143 1285 1222 impugnavit
1306 1141 1501 1222 quinquies

261 1240 307 1321 (in
332 1239 423 1304 labb.
440 1245 469 1318 2,
486 1243 516 1313 (5,
533 1242 562 1313 7,
582 1243 611 1316 9,
630 1243 688 1321 lt),
712 1242 834 1305 stultos
856 1244 962 1304 octies
986 1242 1033 1321 (in
1057 1239 1148 1302 fabb.
1170 1243 1199 1315 3,
1221 1242 1250 1317 4,
1274 1243 1302 1314 5,
1320 1240 1416 1318 8,10,
1435 1242 1485 1316 li,

266 1340 311 1412 13,
330 1339 392 1419 ll).
410 1341 494 1400 Turn
513 1341 548 1401 in
564 1341 731 1402 universis
745 1339 870 1402 fabulis
889 1339 1025 1402 eosdem
1046 1339 1244 1418 saepissime
1260 1339 1336 1401 odio
1354 1343 1389 1401 et
1400 1339 1486 1419 jocis

262 1438 460 1503 insectatur.

301 1537 410 1613 Nunc,
428 1537 486 1617 qui
508 1538 588 1600 talia
611 1537 676 1600 sibi
691 1537 875 1617 proposuit,
893 1553 972 1598 mrm
988 1537 1097 1615 potuit
1110 1535 1305 1598 inimicitias
1324 1552 1391 1597 non
1407 1552 1485 1597 sns-

263 1635 399 1714 cipere‘.l
412 1636 586 1698 Notaverit
603 1659 616 1693 α
634 1653 702 1698 non
718 1635 869 1712 singulos
884 1659 916 1712 »‚
934 1652 1051 1696 verum
1066 1635 1150 1696 illud
1167 1653 1182 1694 e
1198 1633 1376 1716 quoderat
1393 1650 1485 1696 eom-

264 1750 364 1794 mune
379 1734 531 1796 omnium
547 1757 562 1789 a
573 1754 582 1810 ;
600 1737 738 1796 atcerte
758 1735 826 1795 acri
843 1733 920 1795 stilo
940 1731 1064 1794 librum
1080 1731 1247 1794 exarando
1268 1732 1384 1794 multis
1404 1731 1487 1792 iram

263 1831 378 1893 movit.
402 1833 572 1894 Posterius
593 1849 742 1913 qnoque,
767 1830 846 1892 dum
862 1829 1148 1893 calumniantibus
1167 1830 1238 1892 vult
1261 1849 1297 1892 se
1312 1839 1485 1902 excusare,

261 1928 417 1992 acerbius
441 1931 542 1992 etiam
564 1946 621 1992 cos
644 1929 782 2005 deridet,
800 1930 883 1993 adeo
907 1946 984 1991 eum
1007 1933 1125 1990 natura
1148 1946 1208 1991 sua
1228 1927 1269 1990 ad
1286 1925 1487 2008 «improbos

257 2026 356 2106 jocos
374 2052 387 2084 r
405 2028 559 2108 impellit.

511 2214 705 2278 Suspi[c]ione
719 2214 743 2264 si
761 2213 826 2277 quis
843 2213 952 2265 errabit
964 2225 1017 2264 sun

510 2297 544 2348 Et
559 2294 652 2358 rapiet
665 2293 702 2346 ad
718 2306 750 2345 se
764 2293 841 2357 quod
856 2294 912 2346 erit
926 2305 1081 2344 commune
1095 2293 1237 2352 omnium,

512 2374 594 2424 Stratie
608 2373 743 2437 oudalblit
758 2374 846 2423 citimi
860 2374 1057 2424 conscientiam.

303 2572 513 2650 Quicumque
535 2571 585 2632 illi
609 2569 760 2646 fuerunt,
788 2570 870 2632 nihil
898 2571 1086 2632 mirandum
1114 2571 1296 2652 estquod,
1322 2571 1364 2633 ad
1389 2589 1485 2634 suam

263 2667 492 2744 ulciscendam
503 2669 672 2748 injuriam,
685 2685 755 2730 rem
766 2668 807 2730 ad
820 2669 979 2748 Sejanum
992 2669 1188 2740 retulerunt,
1200 2674 1232 2731 et
1243 2670 1338 2732 illum
1348 2687 1485 2751 quoque

263 2766 375 2828 libello
400 2767 468 2847 peti
495 2765 723 2829 ostenderunt.
749 2765 799 2828 Ad
823 2771 985 2845 utrosque
1010 2784 1046 2829 se
1068 2767 1221 2830 allusisse
1248 2768 1399 2830 Phaeder
1420 2786 1485 2830 non

262 2863 439 2940 infitiatur,
451 2866 602 2945 queritur
613 2867 743 2926 tantum
759 2881 778 2924 a
793 2862 914 2943 Sejano
926 2883 962 2926 se
979 2865 1082 2926 nimia
1098 2883 1289 2944 paenaessc
1303 2866 1483 2928 allectum:

559 3050 640 3114 Quod
655 3049 700 3114 sti]
716 3055 869 3101 accusator
883 3049 959 3102 alius
974 3051 1077 3115 Sejano
1094 3050 1178 3112 torci,

558 3132 587 3183 Si
604 3131 690 3183 testis
708 3131 795 3193 aliuS,
808 3130 900 3196 Judex
913 3131 991 3183 elius
1008 3131 1146 3196 denique,

557 3213 677 3277 Dipnum
691 3210 791 3273 faterer
806 3224 871 3264 esse
886 3224 934 3263 me
949 3211 1040 3264 tantis
1056 3211 1152 3263 malis

302 3412 391 3472 Duas
405 3410 569 3490 imprimis
583 3408 715 3472 fabulas
729 3411 764 3470 in
781 3410 940 3490 Sejanum
956 3412 1100 3491 scrIptas
1115 3428 1191 3472 esse
1207 3410 1400 3490 apparebat,
1419 3416 1486 3474 ter-

267 3511 347 3571 tiam
363 3512 394 3570 et
411 3510 601 3587 septimam.
619 3508 658 3568 ln
672 3508 824 3587 septima,
842 3509 897 3568 cui
913 3508 1032 3570 titulus
1046 3512 1097 3570 est
1117 3533 1127 3565 r
1145 3513 1264 3572 Ranae
1278 3516 1323 3572 ad
1336 3513 1446 3573 Solem
1460 3533 1485 3584 r,

264 3606 422 3669 derisisse
449 3603 581 3667 ridetur
596 3609 695 3684 poeta
721 3604 832 3684 Sejani
856 3604 997 3667 audacia
1017 3605 1160 3668 consilia
1181 3607 1325 3668 volentis
1348 3607 1485 3682 Liviam,

263 3705 362 3766 Drusi
374 3701 518 3780 viduam,
533 3720 673 3765 uxorem
688 3703 810 3765 ducere
830 3701 885 3782 (cf.
903 3704 1008 3766 Taciti
1026 3706 1109 3765 Anu.
1132 3705 1187 3780 lv,
1210 3705 1341 3784 xxxix).
1359 3704 1487 3768 Idcirco

263 3802 437 3864 materiam
449 3802 572 3881 Aesopi
587 3799 642 3878 (cl.
655 3801 764 3862 Halm.
778 3801 839 3882 77),
853 3818 895 3862 ne
911 3803 989 3882 quis
1004 3803 1197 3882 suspiclone
1207 3806 1343 3874 erraret,
1355 3803 1488 3866 duobus

263 3901 348 3963 locis
365 3900 501 3961 novavit
516 3898 758 3976 significanter.
776 3900 923 3961 Primum
934 3898 1253 3980 induxitAesopum,
1271 3899 1304 3962 id
1319 3904 1370 3962 est
1380 3901 1485 3962 Phae-

264 3999 373 4076 drum,
390 3996 429 4059 de
448 4020 460 4053 ι
477 4002 569 4071 saris
588 4020 599 4052 r
620 3998 747 4076 nuptiis
765 4000 955 4059 narrantem
974 4017 979 4058 :
1000 3999 1064 4060 Fur
1079 3997 1169 4060 haud
1183 3998 1351 4061 immerito
1367 3998 1486 4062 haberi

265 4098 374 4178 potuit
389 4096 448 4176 qui
464 4095 613 4174 equestri
629 4095 703 4157 loco
720 4099 822 4156 natus
844 4095 960 4157 fraude
980 4096 1121 4158 scelesta
1140 4097 1366 4177 principatum
1381 4115 1486 4160 occu-

264 4211 344 4273 pare
360 4191 535 4269 gestiebat.
553 4190 680 4256 Deinde
696 4193 804 4255 noluit
817 4209 913 4255 ranas
928 4197 965 4255 ut
980 4194 1069 4272 apud
1081 4199 1247 4274 Aesopum
1259 4195 1396 4258 laetari:
1415 4196 1485 4269 sed,

266 4288 547 4370 quemadmodum
563 4308 680 4352 omnes
697 4291 837 4353 Romani
859 4290 1052 4353 metuebant
1071 4309 1114 4353 ne
1140 4293 1209 4355 voti
1235 4309 1373 4371 compos
1394 4292 1488 4356 tieret

267 4387 441 4468 Sejanus¹,
468 4387 623 4450 nonnulli
641 4386 782 4451 fortasse
798 4389 886 4452 Deos
903 4389 1065 4467 rogabant
1087 4394 1124 4452 ut
1144 4389 1235 4453 istud
1259 4391 1385 4452 malum
1407 4409 1426 4452 a
1451 4409 1487 4454 sc

297 4594 320 4642 1.
336 4593 372 4645 Cl.
388 4595 466 4643 Tacrr.
484 4597 552 4645 Ana.
575 4595 617 4645 lv.
641 4611 686 4645 xnr.
713 4595 816 4642 Rursum
841 4594 953 4656 Sejanus,
979 4610 1026 4644 non
1046 4597 1095 4656 jam
1116 4597 1147 4644 de
1166 4597 1326 4655 matrimonio,
1347 4597 1390 4644 sed
1414 4596 1487 4645 altius

265 4671 383 4727 metuens,
401 4667 482 4715 tacita
496 4668 682 4729 suspicionum,
702 4665 772 4729 culpi
786 4681 928 4724 rumorem,
944 4667 1108 4730 inpruentem
1128 4667 1255 4716 irroidicm
1275 4668 1428 4730 deprecetur.
1451 4669 1487 4716 Ac

265 4752 295 4785 ne
299 4773 346 4787 .....
364 4736 501 4786 iscrrltatem
522 4738 725 4788 criminantibus
744 4739 880 4801 praeberet,
903 4739 950 4788 huc
972 4739 1039 4789 llexit
1059 4742 1083 4787 ut
1106 4739 1229 4788 Tiberium
1253 4739 1284 4788 ed
1306 4739 1379 4788 vitem
1402 4741 1487 4802 procul

266 4809 343 4858 Roma
345 4844 394 4861 .....
410 4808 545 4872 degendam
559 4809 702 4872 impelleret.
