3636 5652
363 513 401 578 40
871 526 953 574 rsus
975 526 1080 574 rmca.

404 673 486 734 Eam
509 675 621 734 tamen
644 672 840 751 opinionem
863 688 931 734 non
956 669 1058 733 tuisse
1078 668 1221 732 antehac
1242 668 1389 732 virorum
1410 665 1584 731 doctorum

362 769 502 850 pulchre
520 770 603 832 scio.
619 769 706 831 Sunt
720 769 779 850 qui
790 772 915 850 'putent
930 767 1015 830 duos
1032 765 1137 830 libros
1151 765 1310 847 (primurn
1330 769 1363 828 04
1384 767 1583 848 0001104001)

361 885 430 930 1100
445 885 521 931 0000
537 867 659 930 044400Ι
680 886 687 929 z
704 885 804 948 quem
820 884 978 940 errorem,
991 883 1032 928 01
1048 882 1087 928 eo
1098 868 1209 927 ortum
1220 862 1310 944 quod
1321 863 1426 926 codex
1443 865 1467 926 P
1481 863 1584 928 habet

361 981 481 1029 versus
497 965 581 1029 Hav.
606 965 656 1043 43,
674 963 1142 1028 9-391Νο0040410101010...
1162 988 1177 1019 »
1200 963 1233 1050 40
1255 962 1395 1038 Prologo
1417 962 1474 1034 444,
1497 961 1580 1025 Lud.

361 1065 480 1140 Haret,
499 1065 646 1141 genuino
660 1062 850 1127 fabularum
866 1061 982 1126 ordine
997 1062 1164 1135 restituto,
1188 1062 1326 1123 omniuo
1341 1061 1489 1123 rescidit.
1506 1061 1583 1141 Ipse

362 1166 475 1225 autem
489 1164 541 1224 vir
556 1162 613 1224 ille
626 1159 858 1235 doctissimus,
875 1161 955 1242 quia
970 1162 1098 1222 Seneca
1115 1161 1147 1220 iu
1163 1159 1401 1222 Consolatione
1417 1158 1458 1221 ad
1480 1159 1580 1239 Poly-

361 1259 455 1322 bium
471 1277 559 1322 anno
575 1259 613 1324 43
630 1262 687 1322 004
702 1259 740 1322 44
756 1259 888 1339 scripsit
904 1282 918 1316 a
935 1260 1103 1338 Aesopeos
1121 1257 1226 1334 logos,
1250 1257 1489 1336 intemptatum
1512 1257 1580 1318 Ro-

361 1359 470 1420 manis
491 1358 637 1438 ingeniis
650 1373 735 1437 opus
750 1382 779 1431 »‚
802 1357 967 1420 existimat
988 1358 1065 1417 ante
1081 1355 1260 1418 00001043
1286 1354 1417 1416 nullum
1441 1353 1581 1416 Phaedri

361 1455 522 1518 volumen
537 1454 664 1518 editum
681 1472 767 1518 0000.
785 1456 953 1532 Attamen,
975 1452 1066 1534 quod
1085 1451 1226 1515 Phaedri
1250 1451 1395 1528 libellos,
1422 1453 1581 1533 pauperis

361 1559 394 1616 et
408 1553 585 1616 humillimi
600 1549 758 1628 hominis,
776 1554 915 1630 Seneca,
938 1549 989 1613 vir
1007 1550 1102 1614 dives
1127 1554 1161 1613 04
1185 1550 1359 1624 410000400,
1382 1567 1451 1612 000
1476 1549 1579 1626 00144,

361 1649 442 1734 quid
462 1649 659 1715 incredibile
679 1649 801 1713 habeti
824 1649 898 1714 Non
923 1650 1024 1724 00401,
1045 1650 1113 1711 44440
1137 1647 1357 1728 temporibus,
1381 1646 1459 1710 libri
1483 1645 1581 1711 facile

361 1750 451 1831 apud
471 1747 672 1830 bibliopolas
693 1747 956 1811 venditabantur
978 1765 1089 1829 neque
1113 1749 1181 1810 cito
1206 1745 1480 1823 innotescebant3
1509 1746 1578 1816 sed,

360 1848 559 1928 praesertim
573 1848 600 1910 si
617 1852 734 1910 auctor
747 1848 847 1927 inops
862 1850 942 1922 0104,
961 1849 1019 1907 0114
1034 1847 1125 1926 00014
1141 1845 1247 1908 inesse
1263 1842 1440 1908 videbatur
1456 1844 1581 1925 aliquid

359 1944 509 2008 damnosi
525 1945 626 2026 (quod
638 1944 788 2008 Phaedro
798 1942 944 2024 accidit),
958 1943 1105 2023 apaucis
1121 1943 1208 2004 clam
1218 1941 1394 2019 legebatur
1404 1942 1578 2016 volumen,

360 2047 472 2124 partes
501 2063 520 2106 a
542 2042 784 2106 curiosioribus
810 2039 1079 2122 excerpebantur
1103 2039 1157 2122 (ct.
1184 2041 1272 2102 Prol.
1298 2040 1352 2118 lV,
1380 2039 1440 2122 48).
1457 2041 1579 2118 4410010,

360 2139 612 2223 0100401444010
639 2141 793 2204 fortunae
825 2139 1057 2202 condicionem
1086 2138 1185 2202 credo
1215 2137 1370 2219 equidem
1394 2153 1579 2219 nunquam,

360 2256 472 2321 neque
487 2244 564 2302 ante
581 2257 708 2303 annum
723 2240 761 2302 43
774 2255 884 2319 neque
901 2241 986 2318 post,
1001 2235 1141 2310 Phaedri
1153 2236 1301 2299 carmina
1312 2235 1458 2299 Senecae
1474 2235 1578 2299 fuisse

362 2341 453 2400 0040.
469 2338 600 2402 Etenim
611 2338 711 2418 00404
723 2338 796 2417 ipse
809 2337 976 2399 trimetros
989 2333 1139 2397 condidit
1154 2334 1188 2395 40
1201 2333 1392 2412 tragoediis,
1404 2335 1582 2414 voluitque

360 2434 461 2498 etiam
475 2437 510 2498 40
524 2434 725 2498 fabellarum
740 2453 864 2513 genere
886 2433 1021 2497 Graecis
1041 2431 1263 2512 scriptoribus
1280 2433 1432 2494 Romana
1445 2431 1582 2510 ingenia

359 2552 460 2615 posse
475 2535 610 2616 opponi,
628 2551 752 2611 00000,
779 2534 808 2596 04
827 2537 946 2614 000400
972 2532 1076 2596 nostri
1096 2530 1232 2594 doctum
1253 2529 1405 2594 laborem
1430 2530 1578 2620 legisset,

358 2636 463 2695 artem
503 2633 575 2714 ejus
610 2634 767 2696 eximiam
799 2632 834 2696 iu
868 2630 1062 2694 renovanda
1096 2629 1220 2692 senarii
1255 2628 1362 2692 forma
1402 2627 1578 2706 sensisset,

303 2743 305 2750 ⁴
358 2734 559 2813 poctamque
584 2731 619 2793 in
645 2732 827 2793 amicitiam
850 2732 1061 2810 assumptum
1092 2725 1256 2791 adversus
1286 2727 1441 2791 inimicos
1469 2724 1582 2796 40400-

358 2828 485 2892 4400043
500 2832 648 2894 -Certe
664 2845 775 2911 neque
791 2831 950 2900 Senecae,
970 2844 1080 2909 neque
1095 2825 1179 2889 40140
1193 2826 1409 2898 Quintiliane
1427 2825 1486 2907 qui
1503 2842 1581 2888 cum

357 2925 521 2991 divitibus
544 2932 575 2992 04
597 2925 770 2991 nobilibus
795 2928 940 2989 maxime
964 2923 1264 3000 conversabantur,
1295 2922 1447 2987 Phaeder
1480 2926 1581 2986 notus

357 3023 431 3102 fuit,
450 3026 551 3090 homo
565 3027 703 3088 humilis
719 3029 751 3088 04
766 3026 824 3088 440
839 3025 1021 3100 obscurus;
1039 3041 1149 3105 neque
1162 3023 1307 3102 Tacitus,
1324 3040 1436 3102 neque
1457 3021 1580 3084 Sueto-

359 3125 437 3188 nius
453 3124 493 3188 de
509 3142 548 3188 eo
565 3125 771 3187 mentionem
786 3122 951 3198 40001004,
975 3123 1056 3204 quia
1080 3123 1173 3184 nulla
1187 3120 1325 3202 publica
1339 3138 1450 3201 00000
1476 3119 1580 3184 04400-

358 3226 413 3284 400
428 3227 490 3298 004,
507 3222 565 3285 004
581 3240 600 3284 0
617 3224 746 3302 privato
762 3221 893 3301 Sejan0‚
921 3220 1013 3283 nullo
1028 3219 1168 3300 judicio,
1197 3219 1290 3281 nullo
1312 3219 1456 3298 4001040,
1483 3217 1578 3281 00440

356 3321 581 3384 ostentatione
597 3319 682 3382 liber
696 3317 842 3382 abolitus
859 3323 920 3397 004,
938 3322 1037 3400 00040
1053 3318 1152 3380 044010
1163 3318 1294 3397 jussus.
1319 3318 1415 3380 Unus
1439 3316 1575 3378 Martia·

356 3418 399 3479 lis
415 3417 604 3480 Phaedrum
619 3422 650 3480 et
667 3415 808 3482 fabellas
828 3417 903 3498 ejus
919 3417 1193 3479 commemoravit
1207 3415 1298 3496 quod
1316 3418 1348 3477 et
1362 3415 1434 3496 ipse
1449 3414 1577 3476 leviora

355 3515 522 3597 quaedam
539 3517 696 3579 tractavit
710 3520 743 3578 et
757 3515 878 3577 humili
899 3531 1020 3593 genere
1041 3512 1117 3589 suit,
1134 3513 1279 3594 denique
1301 3515 1484 3594 posterius,
1506 3511 1576 3593 jam

355 3613 461 3676 nobili
477 3614 638 3690 Phaedro,
657 3615 896 3695 epigrammata
911 3613 1125 3693 conscripsit.

395 3714 457 3784 Qui
472 3717 608 3793 propter
622 3710 755 3775 fabulas
768 3712 837 3794 jam
852 3712 1030 3774 damnatus
1050 3714 1121 3773 0104
1144 3728 1163 3772 0
1186 3710 1320 3791 Sejano,
1342 3726 1435 3773 nuuc
1459 3708 1576 3772 debuit

355 3811 588 3874 cautissimus²
603 3829 690 3886 esse,
707 3811 904 3892 praesertim
915 3808 974 3872 ubi
991 3809 1031 3870 ad
1045 3809 1138 3870 444010
1151 3809 1280 3871 alludit.
1292 3809 1409 3890 ltaque
1421 3823 1577 3871 nonnun-

355 3924 456 3989 quam
478 3908 616 3972 difficile
638 3915 689 3974 est
712 3910 811 3990 plane
836 3909 946 3974 dicere
971 3925 1055 3990 quos
1078 3907 1233 3970 homines
1257 3909 1292 3968 40
1312 3906 1399 3970 libro
1425 3907 1575 3971 secundo

355 4006 520 4086 petiverit.
538 4010 694 4072 Attamen
710 4008 751 4070 ad
775 4008 934 4089 Sejauum
952 4007 1130 4087 imperium
1154 4007 1452 4086 concupiscentem
1477 4023 1575 4087 spec-

355 4108 425 4168 tare
444 4105 526 4167 mihi
549 4105 706 4169 ridentur
726 4105 862 4170 tabulae
885 4107 921 4169 46
946 4103 1087 4185 (Astures
1110 4109 1155 4166 00
1174 4120 1290 4168 senem
1308 4105 1509 4183 pastorem),
1537 4105 1574 4167 43

355 4201 467 4282 (Cattis
489 4202 712 4284 0014014001),
731 4203 766 4267 31
790 4209 909 4267 4401100
927 4204 1112 4265 metuentes
1141 4207 1334 4266 4001010111
1353 4204 1513 4284 praetia).
1536 4201 1574 4264 ln

353 4298 469 4363 tabula
498 4303 535 4365 44
564 4303 676 4381 400010
701 4301 889 4364 Phaedrum
920 4298 1101 4378 significari
1131 4299 1242 4378 credo,
1274 4302 1340 4376 cui,
1366 4302 1503 4362 000140
1534 4317 1574 4362 00

384 4522 406 4574 4.
425 4523 547 4572 Lucienus
562 4525 649 4574 Mulier
664 4523 734 4582 4874,
750 4523 869 4572 Schwabe
886 4522 955 4584 1890,
973 4521 1176 4580 4101140011893,
1195 4521 1318 4571 llobinson
1336 4522 1395 4572 Ellis
1415 4523 1484 4574 1895.
1512 4522 1574 4572 Vide

354 4594 382 4647 L.
398 4594 487 4653 441101,
503 4610 544 4660 op.
561 4595 634 4655 laud,
652 4612 675 4659 p.
692 4596 746 4654 242,
762 4594 843 4660 5133.

384 4667 408 4716 2.
426 4667 463 4718 Cl.
480 4667 527 4716 inb.
543 4667 605 4720 llav.
620 4667 651 4716 26
667 4685 672 4718 :

671 4765 768 4808 Consilia
778 4764 816 4819 qui
826 4763 879 4806 daut
894 4773 963 4818 01110
972 4763 1047 4805 cautis
1061 4761 1194 4812 hominibus,

671 4829 699 4871 Et
712 4829 807 4884 perdunt
821 4838 910 4881 operam
926 4830 948 4867 et
956 4823 1085 4868 deridentur
1098 4823 1200 4878 turpiter.
