3636 5652
344 508 382 568 ΙΙ
423 482 427 490 ’
851 516 931 564 raus
954 518 1058 563 roton.

341 666 545 746 doctumque
575 667 709 745 poetam
744 682 764 726 a
791 663 850 725 vili
877 660 1165 743 scripturientium
1198 658 1298 723 turba
1331 661 1565 738 secrevisset;

341 762 463 826 deinde
478 767 516 827 ut
532 761 624 825 illius
639 761 774 840 sapiens
786 760 949 841 judicium
964 762 1148 839 opponeret
1164 757 1326 821 stultitiae
1343 757 1567 836 malignorum

334 863 401 942 ¹qui
416 865 475 924 aut
489 859 678 922 Phaedrum
692 861 822 941 Aesopo
837 856 1030 920 inferiorem
1049 854 1230 928 habebant,
1249 859 1307 917 atil
1329 855 1439 935 ipsum
1458 853 1566 917 fabel-

341 959 450 1023 larum
464 976 572 1036 genus
586 955 820 1038 improbabant
837 955 889 1037 (ci.
902 954 970 1018 fab.
989 959 1175 1029 Phaedrae,
1191 954 1276 1016 Hav.
1287 953 1336 1034 ΙΙ)
1345 974 1352 1026 ;
1370 955 1566 1042 praesertim

344 1061 381 1122 ut
402 1057 612 1121 aemulorum
637 1057 672 1118 in
702 1053 888 1118 scribendis
912 1052 1036 1117 tabulis
1065 1053 1289 1131 arrogantiam
1317 1053 1565 1132 comprimeret.

342 1157 441 1236 (Prol.
458 1175 489 1218 v.
507 1155 582 1234 2-8).

381 1256 458 1318 lam
474 1253 550 1315 vide
565 1251 651 1317 libro
671 1255 792 1333 quarto
812 1269 914 1333 quam
934 1268 1001 1313 non
1021 1252 1227 1314 conveniant
1246 1248 1380 1314 fabulae
1398 1247 1495 1325 (Har.
1512 1249 1567 1314 78-

342 1353 396 1430 79),
417 1355 578 1414 «Armes
592 1351 623 1412 et
640 1353 729 1412 Galle·
746 1383 783 1394 -
805 1353 854 1411 De
868 1349 1014 1412 Mantele
1029 1350 1061 1410 et
1076 1351 1233 1412 Muribus
1251 1371 1277 1418 »‚
1304 1343 1361 1408 ubi
1383 1370 1397 1401 «
1414 1350 1535 1408 mneos
1553 1369 1564 1401 r

342 1454 442 1513 vocat
455 1447 606 1514 Phaeder
620 1447 747 1526 scripta
761 1464 841 1522 sua;
856 1463 957 1528 qnam
972 1463 1051 1509 vero
1076 1449 1300 1523 congruenter
1325 1443 1373 1505 illi
1396 1442 1483 1506 libro
1508 1443 1567 1506 tri·

344 1547 494 1612 boantur
504 1544 639 1610 tabulae
653 1544 749 1625 (ilar.
763 1543 869 1624 tlt-75)
880 1569 896 1601 α
907 1561 928 1607 a
939 1543 1076 1608 fictione
1091 1578 1129 1589 -
1146 1545 1251 1608 Poeta
1262 1562 1274 1605 .·
1295 1544 1464 1615 Quantum
1476 1542 1566 1606 vale-

343 1649 454 1710 rent...
469 1667 486 1701 r
506 1641 687 1726 dequibus
703 1641 898 1720 singulatim
917 1640 1004 1703 inira
1022 1639 1250 1720 disputabitur
1264 1639 1311 1720 (v.
1324 1643 1410 1720 part.
1428 1640 1567 1722 poster.)

383 1741 434 1806 Ob
448 1741 590 1807 eandem
604 1757 743 1806 causam
757 1738 835 1804 libri
850 1740 962 1834 quarti
978 1743 1058 1802 sunt
1072 1737 1206 1802 fabulae
1217 1737 1313 1819 (Hav.
1326 1738 1429 1820 tlt-98)
1447 1743 1567 1802 «Idem

343 1847 476 1904 Poeta:
492 1839 618 1920 Aesopi
633 1853 796 1902 nomen...
815 1871 854 1886 -
869 1839 1060 1902 nemetiam
1076 1842 1149 1900 Reae
1167 1839 1200 1900 et
1219 1841 1406 1900 Menander
1416 1839 1521 1914 poeta
1537 1856 1566 1916 a,

343 1940 379 2002 in
394 1936 518 2019 quibus
532 1936 712 2018 compellat
735 1938 835 2016 poeta
859 1938 893 1998 et
917 1931 1046 1998 deridet
1061 1934 1185 2014 Aesopi
1199 1933 1350 1997 fautores
1364 1933 1566 2010 obstinatos,

343 2033 468 2117 quibus
483 2033 568 2096 liber
584 2050 680 2096 «non
695 2050 742 2108 rc,
760 2031 819 2096 sed
831 2033 967 2095 nomine
984 2057 997 2088 »
1015 2031 1279 2106 commendatur,
1295 2029 1430 2094 fabulae
1443 2035 1567 2113 Aesopi

343 2135 489 2212 placent,
504 2149 571 2194 non
585 2129 738 2194 Phaedri.
751 2133 909 2194 Attamen
924 2129 993 2193 fere
1005 2147 1122 2193 omnes
1136 2127 1291 2205 editores.
1309 2147 1415 2209 nuper
1429 2143 1566 2212 quoque

344 2233 380 2294 L.
401 2231 510 2294 Havet
529 2229 608 2293 fecit
630 2228 787 2293 fabellam
814 2253 828 2287 a
855 2234 948 2292 Idem
969 2229 1076 2292 Poeta
1090 2247 1102 2291 .·
1121 2228 1245 2307 Aesopi
1262 2243 1424 2290 nomen...
1446 2253 1462 2284 »
1488 2245 1567 2308 pro·

345 2330 458 2406 logum
474 2326 552 2390 libri
567 2327 694 2408 quinti;
718 2327 809 2408 quod
830 2344 898 2389 non
920 2325 1019 2388 modo
1042 2343 1163 2388 sensus
1177 2328 1281 2398 vetat,
1303 2323 1363 2388 sed
1378 2325 1451 2406 ipsa
1465 2324 1569 2388 verba

345 2432 379 2491 et
398 2424 536 2488 habitus
553 2424 680 2489 codicis
698 2427 726 2486 Y
747 2442 814 2488 non
835 2423 991 2487 admittit.
1013 2423 1143 2486 Etenim
1160 2439 1273 2486 nonne
1289 2423 1428 2486 omnino
1444 2423 1567 2485 intem-

342 2525 474 2608 pestive
498 2521 677 2586 adhibetur
699 2540 766 2585 vox
789 2523 848 2584 illa
873 2541 889 2585 ‹
913 2527 1006 2585 Idem
1029 2531 1130 2602 poeta
1154 2541 1170 2582 r
1199 2521 1234 2582 in
1257 2521 1353 2582 initio
1377 2517 1465 2592 libri,
1492 2524 1569 2598 post

344 2623 489 2700 titulum,
511 2624 570 2706 aut
591 2621 737 2702 spatium
759 2622 856 2684 titulo
872 2619 1041 2683 exarando
1055 2620 1288 2683 reservatum?
1311 2620 1422 2700 Atque
1447 2618 1569 2680 mirum

343 2719 493 2802 profecto
523 2724 574 2784 est
603 2718 693 2800 quod
727 2721 762 2782 in
794 2720 915 2782 ceteris
947 2718 1095 2798 prologis
1128 2733 1269 2781 numero
1299 2717 1412 2797 aliquo
1442 2721 1567 2779 novum

342 2818 466 2883 librum
492 2819 590 2898 (Prol.
623 2818 679 2894 ΙΙΙ,
710 2818 759 2894 29,
785 2816 910 2880 librum
943 2815 1088 2879 exarabo
1118 2818 1295 2880 terttnm...
1321 2849 1361 2862 -
1389 2815 1477 2878 Prol.
1508 2815 1563 2890 IV,

341 2936 373 2980 v.
408 2919 447 2990 ll
485 2937 492 2980 :
532 2920 701 2988 enarrem
738 2914 891 2979 libellum
932 2915 1099 2996 perleges)
1138 2919 1196 2977 aut
1232 2915 1388 2978 vocativo
1428 2915 1564 2978 nomine

342 3034 465 3079 novam
501 3032 681 3096 personam
716 3013 843 3078 indicat
872 3011 972 3094 (Prot.
1002 3013 1043 3090 ΙΙ,
1075 3031 1106 3076 v.
1133 3014 1240 3078 ΙΙΙ-ΙΙ.
1271 3013 1569 3086 Lector,...1ttt‘l·l

341 3151 381 3159 —
395 3115 484 3187 Prot.¹
499 3115 555 3191 ΙΙΙ,
572 3132 604 3177 v.
618 3118 644 3187 Ι,
665 3114 828 3194 Eutyche.
840 3111 977 3174 —Prol
997 3112 1051 3187 ΙΙΙ,
1069 3131 1101 3176 v.
1119 3113 1169 3187 ro,
1186 3111 1368 3190 Particulo)
1381 3115 1441 3174 aut
1454 3111 1569 3174 verbis

342 3212 432 3276 baud
456 3210 622 3291 ambiguis
646 3211 818 3274 materiam
844 3228 966 3273 novam
991 3210 1125 3272 nuntiat
1148 3208 1246 3288 (Prol.
1265 3209 1311 3278 11.
1335 3227 1368 3274 v.
1394 3209 1491 3288 8712),
1512 3209 1568 3272 hic

340 3299 427 3374 ¹nibil
451 3309 617 3391 ejusmodi
643 3311 787 3390 scripsit.
814 3310 923 3386 Nunc,
950 3307 1038 3390 quod
1065 3307 1107 3394 ad
1122 3307 1246 3370 codicis
1265 3306 1419 3370 habitum
1433 3308 1563 3379 attinet,

343 3407 478 3471 attende
502 3426 604 3488 quam
629 3424 697 3470 non
720 3408 865 3488 potuerit
888 3405 1022 3469 fabulae
1041 3407 1191 3488 «Aesopi
1215 3421 1374 3468 nomen...
1392 3423 1408 3466 a
1427 3407 1566 3485 proponi

344 3508 463 3570 titulus
496 3505 574 3570 libri
606 3507 716 3588 quinti
747 3525 753 3568 :
786 3522 864 3568 nam
899 3509 954 3567 aut
983 3505 1100 3568 titulus
1129 3505 1284 3585 paginam
1312 3503 1567 3584 praecedentem

343 3603 545 3686 complebat,
570 3605 658 3688 quod
680 3603 764 3667 ratio
780 3604 991 3666 arithmetica
1013 3606 1105 3667 vetat
1129 3604 1207 3684 quia
1230 3604 1264 3664 in
1288 3621 1328 3665 ea
1353 3604 1476 3682 pagina
1498 3620 1567 3664 una

345 3709 475 3766 tantum
500 3703 591 3766 linea
612 3706 813 3783 supererat;
839 3707 897 3770 aot
921 3703 1078 3782 paginam
1104 3718 1227 3762 novam
1251 3699 1445 3780 incipiebat,
1477 3701 1566 3783 qnod

342 3800 493 3881 proiecto
508 3799 656 3864 nonfuit
672 3820 678 3862 :
697 3815 774 3864 corn
789 3801 880 3863 enim
896 3802 1000 3862 series
1024 3823 1040 3855 α
1062 3803 1157 3862 Idem
1181 3800 1287 3862 Poeta
1311 3833 1350 3846 —
1375 3800 1567 3862 Denrctrtns

342 3905 417 3963 Rea*
430 3902 462 3963 et
476 3905 665 3964 Menander
680 3923 696 3956 ›>
708 3900 878 3962 contineat
893 3899 928 3960 in
941 3899 970 3959 Y
983 3913 1098 3960 versus
1113 3897 1164 3972 27,
1182 3897 1336 3972 tholosa,
1349 3898 1385 3958 in
1400 3915 1565 3959 summam

344 3999 451 4066 lineas¹
464 3999 515 4074 29,
532 3998 680 4079 spatium
697 3999 798 4060 trium
819 3997 984 4060 linearum
1000 3994 1040 4076 (v.
1057 3995 1158 4074 paulo
1174 3993 1274 4072 inira]
1298 3997 1435 4058 omnino
1458 3987 1566 4076 defuit

344 4096 522 4161 scribendo
546 4097 656 4160 titulo.
681 4098 714 4160 Si
740 4100 854 4158 tamen
878 4099 995 4158 contra
1022 4110 1157 4156 omnem
1181 4094 1347 4156 rationem
1375 4095 1460 4157 velis
1487 4092 1565 4157 libri

345 4194 481 4259 titulum
496 4194 628 4258 tabulae
643 4196 792 4276 «Aesopi
807 4211 929 4256 nomen
944 4216 955 4248 r
972 4193 1204 4272 praepositum
1218 4188 1335 4266 fnisse,
1352 4209 1489 4256 necesse
1504 4197 1562 4270 est,
1585 4249 1587 4256 r

344 4311 385 4357 ne
400 4289 506 4374 major
522 4295 565 4358 sil
575 4293 746 4360 linearum
762 4310 934 4366 numerus,
952 4289 1055 4353 iacias
1074 4291 1259 4366 longiorem
1278 4287 1563 4354 iabolae'titulunr

345 4392 566 4456 «Demetrius
589 4395 660 4456 Rex
682 4396 715 4456 et
737 4390 921 4456 Menander
941 4392 1068 4468 poetar
1091 4387 1190 4468 juxta
1213 4388 1321 4450 lineas
1345 4388 1562 4469 adscriptum,

343 4490 434 4572 quod
448 4491 503 4553 hic
519 4508 585 4554 non
601 4491 784 4554 verisimile
804 4494 864 4553 est.
882 4489 987 4551 Multo
1003 4487 1128 4550 rectius
1148 4487 1307 4549 lacunam
1328 4487 1429 4549 unius
1444 4505 1564 4576 uersus

343 4589 459 4654 statuit
474 4590 509 4655 L.
526 4591 635 4654 Havet
650 4593 726 4671 post
740 4591 779 4654 98
793 4605 825 4652 r.
844 4587 889 4651 2¹.

276 4785 278 4794 i
373 4823 396 4871 1.
412 4823 473 4871 Vide
489 4823 552 4872 inira
567 4821 741 4886 Appendicem.
