3612 5638
559 506 601 551 nn
623 505 849 555 narranaam(
870 508 972 557 seusu
994 509 1188 558 aucoumro.
1448 494 1485 557 57

305 648 375 718 Quo
389 647 569 728 prudenter
585 652 618 711 et
632 647 737 713 libere
752 648 852 724 facto,
869 651 967 714 valde
983 669 1004 713 a
1017 654 1103 715 Jove
1118 652 1307 716 collaudata
1321 654 1372 715 est
1389 671 1395 714 :

434 804 438 816 Ι
495 834 751 895 ‹onatameruo
764 837 872 902 sapiam
886 838 973 888 dicere
986 840 1117 890 omnebus.
1193 903 1195 910 Ι

491 913 561 966 'Nisi
580 914 649 969 utiie
660 919 707 970 est
721 915 799 981 quod
812 915 947 977 tacimus,
962 916 1055 970 stulta
1070 922 1116 970 est
1130 917 1229 982 gioria.
1247 933 1261 966 u

1256 1021 1289 1070 (v.
1300 1016 1380 1066 itis.)

302 1219 374 1281 Hac
388 1216 511 1282 fabella
527 1218 635 1281 voluit
648 1218 789 1284 suadere
805 1221 960 1304 Eutycho
975 1222 1134 1296 Phaeder,
1150 1229 1199 1300 ut,
1222 1224 1378 1306 exemplo
1397 1241 1483 1289 usus

262 1316 444 1396 Minervae,
459 1317 632 1380 innocenti
646 1322 783 1400 propter
798 1320 903 1400 ipsam
917 1321 1098 1384 utilitatem
1108 1322 1209 1385 etiarn
1223 1323 1331 1401 magis
1341 1321 1481 1386 faveret.

302 1415 352 1477 lta
365 1413 435 1478 iere
449 1415 483 1476 in
501 1414 633 1496 epilogo
647 1414 747 1496 (Har.
763 1416 812 1497 idi
831 1435 838 1480 :

544 1611 612 1660 Tuae
623 1616 686 1662 suut
700 1617 804 1676 partem
815 1610 931 1674 [uerrmt
945 1612 1063 1664 altorum
1078 1607 1189 1680 [prtual',

539 1691 614 1745 Dein
628 1690 720 1745 simili
733 1705 803 1758 gyro
818 1692 938 1746 venient
952 1693 1077 1747 aliorum
1092 1694 1196 1748 vicest.

538 1775 668 1826 Decerne
681 1772 760 1837 quod
776 1772 887 1838 religio,
902 1774 980 1838 quod
994 1774 1107 1839 patitur
1119 1773 1201 1836 tides,

537 1855 572 1906 Et
589 1852 737 1919 graviter]
751 1866 792 1904 nu
806 1853 936 1920 tlu]t[a]re
947 1853 1058 1920 iudicio
1073 1860 1133 1908 tuo.

1242 1956 1275 2004 (v.
1284 1953 1373 2005 Mi.)

298 2157 337 2220 ln
352 2157 488 2220 ultima²
503 2157 648 2238 denique
661 2155 785 2219 fabella
798 2179 814 2212 a
830 2161 871 2220 de
885 2162 1043 2222 Muribus
1056 2159 1089 2220 et
1102 2159 1248 2222 Mustela
1269 2176 1285 2219 ›
1301 2157 1400 2239 (Hav.
1417 2159 1480 2240 79),

259 2259 296 2318 ut
310 2256 345 2319 in
360 2254 428 2320 fine
443 2256 576 2336 epilogi,
600 2253 767 2334 significat
782 2273 817 2318 se
832 2255 974 2336 posthac
993 2255 1100 2319 multo
1120 2255 1372 2337 prudentiorem
1390 2258 1480 2321 iuvi-

259 2353 335 2416 diae
351 2372 420 2418 nou
432 2353 503 2434 jam
519 2353 608 2416 latus
623 2351 867 2434 praebiturum.
885 2355 928 2417 Ut
942 2371 1018 2417 mus
1031 2354 1088 2417 iile
1103 2353 1290 2418 retorridus

474 2539 528 2602 Qui
544 2552 632 2605 saepe
643 2537 764 2605 laqueos
778 2543 808 2591 et
822 2539 989 2604 muscipula
1002 2539 1156 2606 effugerat,

409 2661 411 2669 ,
473 2621 602 2672 Procul..
613 2658 619 2671 .
629 2658 650 2671 ..
669 2619 794 2672 insidias
808 2631 933 2673 cernens
945 2619 1041 2672 hostis
1054 2621 1152 2674 callidi
1168 2638 1175 2674 :

475 2717 489 2750 a
504 2700 552 2754 sio
564 2701 663 2753 valeas
675 2715 690 2750 n
703 2699 800 2765 inquit
815 2720 827 2746 ιι
843 2704 877 2752 ut
891 2700 986 2754 farina
998 2712 1030 2752 es
1047 2712 1122 2766 quae
1134 2702 1229 2767 jaceat
1247 2717 1261 2750 n

255 2917 305 2980 sic
324 2915 521 2998 nosterqui,
538 2915 631 2991 olim,
657 2917 793 2980 vivente
817 2916 950 2998 Sejano,
975 2932 1094 2981 necem
1109 2916 1237 2995 effugit,
1265 2933 1357 2981 nunc
1379 2921 1476 2998 post-

255 3032 357 3096 quam
376 3032 436 3095 per
451 3013 642 3097 Eutychum
663 3014 828 3078 malorum
849 3013 983 3078 insidiis
1007 3015 1146 3097 elapsus
1165 3014 1239 3093 erit,
1259 3031 1324 3080 usu
1342 3014 1489 3093 doctus,-

254 3129 354 3176 omne
369 3114 498 3177 crimen
514 3116 548 3176 et
561 3114 750 3195 periculum
765 3111 898 3177 curabit
911 3112 1108 3177 evitandum
1124 3133 1132 3175 :

502 3292 560 3356 Ego
575 3289 723 3356 quondam
737 3289 797 3356 legi
813 3302 902 3356 quam
916 3290 1007 3356 puch]
1022 3291 1200 3344 senteutiam

500 3371 625 3424 «Palam
640 3369 763 3424 muttire
777 3371 892 3435 plebeio
907 3368 1056 3436 piaculum
1072 3375 1118 3424 eat
1132 3387 1156 3432 n,

501 3453 578 3504 Dum
595 3451 709 3504 sanitas
723 3450 870 3504 constabit
884 3451 1004 3516 pulchre
1018 3451 1212 3516 memiuierol.

1084 3549 1152 3606 (Epii.
1164 3549 1222 3594 tias.
1236 3550 1271 3604 to,
1279 3549 1368 3603 assa.)

293 3753 450 3820 Fabellae
471 3756 562 3831 huic,
591 3772 694 3838 quam
713 3754 863 3837 proiecto
886 3756 999 3834 magni
1019 3755 1182 3819 momenti
1204 3755 1299 3819 duxit
1321 3756 1363 3820 ad
1388 3757 1472 3820 iilud

252 3856 530 3937 consequendum
564 3855 656 3936 quod
684 3853 853 3936 cupiebat,
892 3853 1089 3935 praeposuit
1124 3852 1274 3918 Phaeder
1310 3856 1474 3918 nonnulla

250 3952 375 4036 quibus
395 3955 551 4017 incitaret
566 3953 756 4035 Eutychum
775 3957 809 4016 ui
828 3969 967 4016 sensum
985 3952 1145 4032 carminis
1166 3953 1377 4018 reconditum
1398 3954 1474 4018 diii-

248 4056 368 4130 genter
389 4052 586 4135 requireret,
607 4049 796 4132 postposuit
820 4052 934 4133 ipsum
964 4049 1142 4131 epilogum,
1167 4053 1203 4116 in
1226 4067 1294 4131 quo
1317 4055 1474 4133 repetens

248 4168 482 4233 quaecumque
497 4153 533 4214 in
547 4151 688 4238 singuiis
700 4148 823 4213 fabulis
838 4149 966 4230 passim
980 4151 1194 4227 tractaverat,
1211 4149 1356 4214 admotis
1371 4151 1472 4213 etiam

246 4249 412 4330 precibus
435 4248 593 4312 omnibus
612 4247 743 4312 viribus
763 4246 937 4311 contendit
954 4249 992 4311 ut
1011 4247 1161 4309 animum
1184 4247 1258 4332 ejus
1281 4247 1471 4312 misericor·

247 4347 322 4412 dem
337 4346 529 4425 conficeret,
547 4346 820 4412 benevolentiam
835 4349 997 4429 captaret,
1015 4346 1178 4409 auxilium
1193 4346 1228 4412 in
1248 4363 1328 4409 casu
1342 4349 1467 4425 gravis·

244 4445 329 4516 aimo
343 4447 549 4528 impetraret.

275 4655 297 4706 i.
315 4653 405 4714 Vapsus
416 4652 491 4702 24-25
505 4653 551 4702 boc
565 4651 638 4700 modo
653 4652 829 4714 interpretandi
845 4667 851 4702 :
867 4651 920 4700 Noli
939 4663 1026 4699 curare
1045 4649 1204 4713 malignorum
1225 4649 1377 4712 opinionem
1397 4652 1462 4713 quod

242 4730 267 4774 tu
282 4739 338 4774 mox
353 4725 437 4788 boias,
451 4725 560 4774 iecerunt
573 4723 614 4771 aiii
630 4726 710 4785 autea,
725 4723 767 4771 aiii
784 4726 870 4786 postea
884 4722 982 4773 iactent.

271 4797 296 4847 2.
309 4797 371 4848 Vide
386 4810 461 4860 supra
476 4811 501 4860 p.
517 4792 599 4853 it-19,
611 4797 634 4844 et
648 4793 712 4843 inira
725 4794 839 4858 Append.
