3636 5652
286 2151 381 2218 Inter
399 2156 521 2218 vetera
541 2146 672 2236 scripta
690 2146 761 2214 iere
781 2144 917 2212 nullum
938 2145 1053 2234 magis
1072 2166 1177 2234 quarn
1199 2144 1347 2215 Phaedri
1369 2145 1469 2215 libel-

245 2275 300 2343 lus
329 2274 449 2343 doctos
477 2271 572 2341 uiros
602 2271 645 2340 ad
675 2269 869 2340 studiosam
897 2269 1160 2358 indagationem
1191 2270 1409 2357 sollicitavit3
1431 2281 1470 2340 ut

246 2401 306 2468 vix
327 2419 532 2469 enumerare
550 2397 662 2488 possis
678 2395 862 2478 editiones,
876 2395 1201 2479 commentationes,
1214 2396 1470 2488 disputationes

245 2524 287 2593 do
314 2545 354 2594 eo
380 2525 490 2592 factas
518 2543 562 2591 ex
589 2541 657 2611 quo
684 2519 800 2588 Codex
828 2519 887 2588 ille
910 2517 1122 2588 Pithoeanus
1148 2520 1185 2588 in
1213 2521 1325 2590 lucem
1355 2521 1470 2590 editus

247 2650 330 2717 est¹.
361 2650 488 2716 Nostra
514 2646 722 2738 praesertim
757 2653 887 2728 aetate,
918 2645 1095 2713 Lucianus
1130 2645 1305 2729 Mueller²‚
1338 2647 1468 2729 Riese³‚

246 2777 416 2842 Hartman
425 2773 448 2856 ⁴,
471 2771 695 2856 Stowasser⁵,
712 2771 923 2853 Hervieux“‚
941 2778 1078 2839 textum
1094 2769 1300 2840 fabellarum
1317 2773 1471 2858 maxima

246 2919 330 2967 cura
349 2907 383 2968 et
403 2898 552 2967 scientia
570 2917 760 2966 excussum
780 2895 1069 2966 emendaverunt.
1092 2899 1166 2964 Hoc
1190 2898 1266 2988 ipso
1292 2920 1396 2984 anno,
1417 2899 1471 2966 vir

245 3023 505 3092 eruditissimus
524 3021 724 3090 Ludovicus
748 3023 875 3105 Havet,
898 3021 1086 3110 diligenter
1100 3031 1294 3114 perspecta
1319 3023 1470 3093 editione

247 3147 376 3218 codicis
401 3146 660 3216 Rosanhoniani
686 3145 729 3214 ab
755 3145 859 3215 Ulixe
885 3145 1013 3215 Robert
1039 3157 1250 3239 comparata,
1272 3170 1342 3216 non
1369 3149 1469 3218 modo

201 3286 203 3292 '
245 3292 488 3364 quaecumque
522 3270 700 3362 pertinent
733 3271 776 3340 ad
809 3292 883 3340 rem
917 3271 1073 3340 criticam
1107 3281 1141 3342 et
1173 3273 1353 3342 metricam
1382 3275 1469 3344 mire

245 3398 421 3490 exposuit,
444 3397 506 3466 sed
527 3396 632 3466 etiam
651 3417 731 3464 cum
752 3395 946 3484 genuinum
967 3396 1163 3466 fabularum
1183 3399 1340 3468 ordinem
1365 3399 1469 3468 libro·

245 3542 392 3612 rumque
413 3501 635 3602 divisionem,
658 3529 733 3587 tum
753 3519 908 3610 priorum
928 3520 1086 3589 codicum
1107 3521 1366 3613 deperditorum
1382 3545 1468 3613 quos

242 3654 346 3716 'vocat
364 3649 398 3716 X
418 3655 452 3716 et
464 3649 501 3714 'Y
521 3646 675 3736 speciem
695 3653 730 3714 et
750 3645 895 3712 sormam
916 3645 1049 3714 ratione
1070 3646 1290 3716 arithmetica
1309 3659 1347 3716 ut
1368 3622 1475 3719 resti-³

243 3780 357 3842 tuerat
377 3770 443 3840 sibi
464 3769 657 3861 proposuit.
864 3844 869 3856 ,

286 3899 417 3966 Verum
437 3894 608 3964 hactenus
634 3895 823 3987 praecipua
850 3895 966 3986 (unica
992 3895 1154 3986 dixerim)
1183 3917 1287 3998 opera
1313 3891 1470 3968 adhibita

244 4029 299 4090 est
330 4029 392 4090 aut
421 4021 459 4088 in
491 4028 592 4090 textu
627 4020 833 4110 corrigendo
862 4021 988 4089 autin
1020 4021 1245 4113 disquirendo
1273 4017 1358 4093 num
1386 4046 1469 4095 vere

244 4145 392 4216 Phaedri
412 4146 483 4214 sint
507 4166 629 4215 omnes
656 4145 804 4215 fabulae.
829 4149 878 4215 De
907 4169 977 4235 qua
1003 4168 1039 4216 re
1067 4169 1146 4216 oum
1169 4151 1243 4240 jam
1269 4152 1341 4220 fere
1367 4135 1469 4220 nemo

244 4272 290 4340 sit
322 4271 382 4361 qui
416 4270 569 4354 dubitet,
600 4279 835 4362 opportunum
868 4281 903 4341 et
932 4272 1047 4341 studio
1078 4273 1226 4364 dignum
1254 4296 1319 4366 ego
1347 4277 1468 4368 putaui

274 4486 298 4606 ὲ.
313 4485 480 4604 νίἳὲἵξιινετ,
498 4484 615 4535 Phaedri
629 4485 742 4551 sedulae
754 4486 828 4550 (anuo
848 4485 927 4548 1895),
943 4501 984 4549 pp.
1000 4502 1073 4536 x·xn.

292 4593 297 4604 .
314 4571 337 4605 a.
415 4593 420 4604 .

274 4626 804 4762 31.{ieiffiedrifaoutucuramentatto
820 4702 852 4764 (a.
869 4700 949 4764 1890).

276 4769 515 4906 {defflorata
531 4841 622 4903 rotant,
638 4843 658 4891 u
672 4843 732 4908 vot,
749 4842 787 4894 aa.
805 4843 846 4896 an.
863 4857 885 4896 a.
903 4843 972 4894 1894.
1013 4893 1016 4901 Δ
