3612 5638
369 535 407 597 72
837 555 917 600 rans
939 554 1127 600 rosrsnron.

370 699 481 778 posuit
502 697 543 760 ad
565 698 652 775 illos,
671 702 708 760 ut
727 697 808 759 mihi
829 696 965 778 quidem
984 697 1126 771 videtur,
1149 699 1352 778 pertinentia
1371 701 1429 780 qui
1449 696 1591 760 tabellas

370 813 438 858 non
452 797 532 859 satis
545 796 750 858 intellecturi
766 799 881 858 essent
899 815 905 856 :

619 984 641 1036 0
657 983 681 1034 si
698 987 831 1036 maneret
843 982 961 1036 condito
978 985 1173 1045 seusus....'.,

619 1066 712 1126 Quam
727 1063 857 1126 graviter
870 1064 957 1115 terret
972 1062 1049 1128 quod
1064 1064 1248 1116 voluntatem
1260 1077 1344 1116 suam

619 1143 806 1207 interpretari
822 1156 881 1195 non
897 1144 1064 1207 potuissent
1080 1143 1189 1195 Attici!

1363 1247 1396 1296 (v.
1408 1243 1487 1297 suaa)

410 1460 474 1521 Alii
493 1460 604 1538 ipsum
626 1477 642 1519 a
661 1458 814 1538 jocorum
834 1475 972 1536 genus»
996 1458 1106 1536 legere
1129 1456 1354 1529 fastidiebant,
1373 1460 1410 1520 ut
1431 1457 1542 1534 vilius,
1561 1463 1592 1519 et

373 1578 388 1619 t
412 1557 580 1620 insulsum
607 1576 622 1616 a
648 1560 680 1618 et
709 1579 720 1612 ι
747 1556 859 1618 minus
880 1556 1063 1644 ¹verisimile
1084 1581 1111 1618 s.
1131 1559 1249 1618 Facete
1272 1556 1376 1631 igitur
1398 1558 1431 1616 et
1452 1554 1594 1617 ridicule

372 1654 532 1730 Phaeder,
558 1656 594 1717 in
619 1653 742 1717 fabella
766 1656 785 1715 5
807 1675 821 1714 t
850 1659 1028 1716 Phaedrus
1052 1681 1066 1710 a
1090 1656 1187 1734 (Har.
1209 1655 1269 1734 84),
1287 1671 1404 1715 eorum
1425 1654 1595 1714 sententia

372 1754 527 1816 simulate
553 1751 781 1831 comprobata,
807 1753 987 1830 grandiora
1016 1770 1231 1830 aggressus«
1258 1753 1324 1830 e[n]
1354 1752 1389 1811 in
1418 1751 1594 1813 cothurnis

371 1851 479 1930 prodit
503 1849 627 1931 no[v]is
650 1869 678 1912 a.
702 1848 856 1926 Turgidis
884 1849 995 1912 verbis
1020 1849 1062 1912 ab
1087 1849 1243 1928 Euripide
1269 1847 1421 1911 Medeam
1451 1849 1593 1927 primam

371 1947 520 2010 fabulam
541 1949 720 2012 convertit.
743 1949 784 2010 At
800 1949 848 2008 illi
867 1968 873 2008 :
892 1972 907 2004 <‹
922 1950 994 2011 Hoc
1013 1966 1148 2030 qnoque
1168 1949 1336 2010 insulsum
1356 1950 1419 2023 est,
1438 1944 1594 2025 falsoque

372 2045 497 2109 dictum
514 2070 528 2102 a
545 2045 589 2123 (v.
607 2047 668 2126 ll).
688 2045 772 2107 'lum
788 2050 887 2126 poeta
904 2068 910 2106 :

590 2247 604 2280 a
619 2231 692 2295 Quid
708 2244 776 2297 ergo
792 2245 911 2297 possum
928 2231 1020 2284 lacere
1036 2232 1100 2292 tibi,
1116 2232 1228 2296 lect[0]r
1242 2211 1342 2296 teleto,
1393 2259 1394 2262 η

590 2313 619 2365 Si
634 2325 687 2365 nec
700 2312 844 2376 labellus]
860 2316 890 2364 te
902 2312 1031 2376 ju[v]ant
1045 2325 1098 2366 uec
1111 2312 1271 2376 llalbulae‘l
1284 2328 1298 2360 a

1355 2411 1386 2460 (v.
1402 2408 1487 2459 21-22.)

413 2629 527 2689 Monet
557 2643 615 2688 eos
648 2624 819 2702 ambigue,
852 2624 991 2686 minanti
1024 2622 1158 2695 similis,
1190 2625 1332 2684 caveant
1369 2639 1426 2698 ue,
1458 2622 1487 2683 si
1524 2638 1592 2683 non

374 2725 539 2804 patienter
553 2721 694 2786 fabellas
710 2724 908 2797 sustineant,
927 2721 1085 2783 molestae
1107 2737 1225 2782 rursus
1239 2718 1385 2782 fabellae
1402 2719 1467 2782 sibi
1482 2717 1566 2780 fiant
1585 2737 1591 2778 :

682 2930 693 2954 «
710 2909 774 2962 Noli
790 2909 934 2962 molestus
950 2920 1015 2960 esse
1028 2906 1148 2958 omnino
1163 2905 1281 2965 litteris,

683 2989 815 3054 Majorcm
829 2989 972 3038 cohibeant
983 3003 1016 3037 ue
1032 2987 1079 3037 tibi
1093 2987 1252 3037 molestiam.
1270 3005 1281 3030 n

1363 3089 1395 3137 (v.
1406 3085 1488 3136 aaut.)
1568 3129 1571 3138 ,

413 3288 596 3349 Stultitiam
626 3286 769 3367 denique
798 3303 915 3348 eornm
944 3264 1208 3365 notat‚'quibus
1238 3300 1279 3344 ne
1308 3282 1593 3362 perfectissimum

373 3383 510 3464 quidem
526 3383 576 3462 (ut
591 3382 740 3463 Phaedri)
757 3401 842 3463 opus
857 3385 938 3446 satis
955 3382 1087 3462 placere
1103 3385 1212 3460 potest
1230 3401 1236 3440 z

620 3569 680 3620 Hoc
695 3551 750 3620 iltis
765 3569 887 3632 dictuml
903 3546 927 3631 'tl
941 3568 991 3632 qui
1007 3568 1154 3631 stultitila]
1170 3567 1318 3629 nausiant,

622 3653 655 3702 Et
670 3656 703 3702 ut
719 3654 856 3714 potenter
871 3662 970 3714 sapere
986 3649 1088 3698 coelum
1102 3649 1274 3710 vitrtperam!

1357 3751 1387 3799 (v.
1401 3749 1487 3792 2526.)

413 3961 577 4028 Censores
600 3969 770 4044 postremo
795 3963 951 4024 admonet
975 3961 1097 4022 fabella
1121 3963 1139 4024 8
1167 3986 1178 4018 α
1207 3967 1254 4023 Dc
1272 3965 1365 4024 ciliis
1385 3967 1559 4025 duracmum
1581 3987 1594 4019 n

375 4065 473 4144 (Hav.
496 4064 547 4142 87)
570 4068 617 4135 ut,
642 4067 821 4143 antequam
844 4062 978 4123 alterius
1000 4060 1120 4121 delicta
1143 4062 1335 4140 corripiant,
1359 4079 1420 4122 sua
1445 4063 1595 4141 ipsorum

377 4164 458 4224 vitia
473 4164 669 4224 intueantur
686 4181 692 4221 :

734 4347 830 4398 videre
845 4341 1037 4420 nostra'mala
1051 4355 1110 4392 non
1125 4355 1299 4407 possumus,

670 4427 726 4479 Alii
740 4425 828 4478 simul
845 4425 1022 4488 delinquunt
1036 4435 1171 4473 censores
1187 4437 1299 4476 snmus¹

1384 4530 1415 4577 ‹v-
1429 4526 1490 4579 aa>

414 4728 440 4806 b)
464 4724 685 4806 Temporibus
711 4724 777 4785 illis
802 4721 927 4801 quibus
947 4719 1040 4778 lucro
1060 4733 1177 4776 omnes
1200 4719 1375 4781 immodice
1399 4720 1593 4796 studebant,

375 4828 408 4888 et
422 4824 575 4887 homines
591 4819 717 4883 divitiis
734 4820 890 4891 maxime,
909 4831 977 4876 non
994 4814 1117 4874 virtute
1132 4817 1189 4875 ant
1210 4816 1363 4894 scientia,
1381 4818 1599 4881 commenda-
