3636 5652
523 547 564 591 nn
587 547 811 592 raanunauun
833 547 937 593 seusu
960 547 1154 592 nncouorro.
1415 529 1451 592 33

231 689 295 753 sihi
320 693 420 771 poeta
447 692 622 772 proposuit
646 709 748 772 quam
773 696 810 754 ut
839 709 951 754 mores
979 692 1072 772 ipsos
1100 689 1249 752 ferarum
1277 688 1453 768 diligenter

229 787 443 851 describeret.

268 887 420 967 Denique
432 886 594 951 nonadeo
605 887 1019 950 fuitutilitatisstudiosus
1031 888 1213 966 utsemper
1224 903 1263 948 ea
1274 887 1454 964 praecepta

230 989 412 1065 exponeret
426 1004 513 1066 quae
528 985 568 1046 ad
584 986 834 1049 institutionem
850 985 937 1048 vitae
956 987 1100 1048 maxime
1121 989 1323 1064 spectarent.
1346 983 1453 1044 Multa

230 1085 262 1144 in
278 1085 413 1164 Aesopo
428 1083 586 1146 omnibus
601 1084 782 1146 utilissima
795 1084 997 1147 documenta
1013 1083 1137 1159 omisit,
1150 1082 1274 1160 delegit
1289 1081 1395 1143 multa
1411 1081 1452 1144 ad

231 1201 356 1262 paucos
371 1183 585 1262 pertinentia,
604 1185 740 1261 saepius
759 1184 860 1246 etiam
882 1182 1018 1262 Aesopii
1041 1181 1230 1262 epimythii,
1248 1199 1316 1264 qno
1332 1179 1453 1242 melius

229 1283 263 1341 in
280 1283 490 1360 propositum
507 1298 607 1342 suum
622 1285 778 1353 verteret,
803 1280 908 1343 verba
929 1284 962 1342 el
986 1281 1052 1341 vim
1074 1281 1187 1356 inepte
1209 1279 1362 1340 mutavit.
1380 1280 1452 1349 Quo

231 1383 342 1441 autem
357 1379 501 1442 consilio
516 1380 550 1443 id
560 1379 687 1451 fecerit,
702 1379 833 1442 collatis
845 1380 1021 1459 utriusque
1032 1379 1254 1455 documentis,
1267 1376 1365 1438 facile
1376 1377 1453 1457 quis

231 1478 433 1558 perspiciet:
453 1479 488 1538 in
509 1477 649 1540 Phaedri
665 1475 798 1540 fabellis
813 1478 966 1558 asperius
983 1476 1109 1558 aliquid
1124 1479 1246 1550 inesse,
1264 1479 1297 1538 et
1316 1477 1451 1551 tristius

230 1578 263 1636 el
278 1575 480 1649 mordacius,
505 1573 654 1656 proiecto
674 1574 854 1655 judicabis.
881 1577 982 1656 Cujus
1004 1576 1050 1637 rei
1066 1575 1191 1656 aliquot
1207 1573 1360 1655 exempla
1376 1574 1453 1634 ante

231 1673 349 1734 oculos
365 1671 522 1753 ponenda
536 1676 627 1752 pulc.

270 1770 432 1833 Fabulam
448 1773 487 1834 de
502 1777 597 1850 Lupo
612 1774 643 1834 et
658 1776 756 1848 Apoc
772 1772 836 1834 hoc
850 1771 949 1834 modo
965 1774 1117 1851 Aesopus
1132 1769 1303 1833 concludit
1317 1777 1352 1831 :t
1370 1775 1456 1850 μῦθος

231 1873 314 1948 δηλοῖ
336 1869 378 1930 ότι
400 1875 516 1950 γνώμην
541 1874 699 1954 κακούργου
724 1875 770 1930 καὶ
791 1873 964 1930 πλεονέκτου
985 1873 1068 1950 λόγος
1091 1870 1122 1929 οὐ
1144 1871 1244 1943 πείθει,
1270 1867 1320 1928 κᾶν
1345 1866 1456 1946 ἀληθὴς

230 1967 358 2052 τυγχάνῃ
382 1967 505 2044 (Ηαλῐῐὶι
533 1968 613 2049 274).
639 2001 677 2011 -·
702 1968 807 2030 Aliter
830 1991 836 2028 :
858 1975 872 2028 ‘o
896 1972 979 2048 λόγος
1003 1970 1086 2046 δηλοῖ
1107 1967 1149 2028 ότι
1171 1967 1210 2035 οἷς
1230 1969 1357 2048 πρόθεοίς
1381 1968 1454 2026 ἐστιν

232 2063 348 2140 ἀδικεῖν,
378 2066 442 2149 παρ’
472 2065 567 2134 αὐτοῖς
597 2067 659 2126 οὐδὲ
694 2068 788 2126 δικαία
815 2063 954 2146 ἀπολογία
981 2063 1069 2147 ἰσχύει
1099 2066 1152 2144 (Η.
1184 2063 1278 2144 wib).
1309 2063 1358 2126 Ab
1387 2063 1455 2124 illis

233 2163 428 2244 epimythiis
449 2181 550 2244 quam
570 2161 681 2226 diiiert
700 2164 783 2227 haec
802 2163 943 2226 Phaedri
962 2163 1153 2226 sententia:

507 2406 584 2455 Haec
596 2411 706 2468 propter
720 2403 778 2454 illos
794 2404 902 2468 scripta
917 2403 1051 2454 homines
1065 2402 1164 2454 tabula

510 2483 564 2546 Qui
579 2485 648 2547 fictis
662 2484 749 2535 causis
763 2485 913 2536 innocentes
928 2484 1107 2548 opprimunt.

270 2737 307 2799 ln
323 2755 390 2817 qua
405 2691 566 2800 notantur
581 2741 615 2800 et
631 2740 789 2816 petuntur
804 2735 940 2817 quidam
956 2753 1043 2816 quos
1053 2736 1194 2799 Phaedri
1210 2735 1370 2816 aequales
1387 2752 1453 2797 non

231 2853 414 2914 agnoscere
437 2853 504 2898 non
528 2839 693 2914 poterant,
712 2836 822 2914 SeJaui
846 2835 1021 2909 delatores,
1039 2833 1148 2910 credo,
1175 2835 1287 2914 ipsum
1312 2831 1454 2895 fortasse
1550 2859 1554 2870 ·

231 2935 390 3014 Sejanum
405 2933 446 3014 (r.
464 2934 574 2996 Havet
589 2933 639 2996 ed.
656 2935 735 2995 min.
753 2932 886 3013 Praei),
904 2949 1020 2994 omnes
1035 2933 1111 2995 ilios
1126 2934 1196 3013 qui,
1215 2937 1253 2995 ut
1266 2930 1454 3011 improbam

231 3032 448 3113 cupiditatem
472 3049 567 3094 suam
591 3050 709 3094 secure
733 3032 920 3112 explerent,
948 3030 1108 3093 adversus
1134 3031 1333 3093 innocentes
1362 3047 1454 3094 arma

231 3132 359 3194 conscii
373 3129 592 3211 quaerebant.
1019 3129 1022 3134 ’

269 3230 307 3291 ln
322 3228 445 3292 fabella
462 3251 476 3286 α
493 3233 534 3291 de
554 3233 656 3305 Votpe
670 3234 714 3290 od
726 3245 913 3304 personant
928 3231 1099 3304 tauquam
1115 3252 1128 3283 ν
1144 3226 1241 3307 (Hav.
1258 3227 1290 3308 8)
1306 3228 1453 3290 narratio

229 3329 264 3389 in
278 3331 421 3407 utroque
434 3326 550 3389 eadem
562 3329 624 3400 est,
638 3326 808 3388 diversum
820 3327 1051 3408 epimythium.
1065 3326 1164 3406 Apud
1174 3329 1345 3406 Aesopum
1362 3327 1452 3388 enim

229 3426 372 3502 legimus
390 3444 397 3486 ἱ
414 3432 428 3485 ό
445 3429 528 3506 λόγος
545 3424 670 3508 εὔκαιρος
683 3432 750 3508 πρὸς
766 3425 851 3509 ἄνδρα
867 3430 1113 3509 μεγαλοπρεπῆ
1138 3429 1197 3505 μὲν
1220 3431 1362 3505 σώματι,
1381 3423 1454 3484 κατὰ

230 3524 325 3605 ψυχὴν
347 3526 377 3583 δὲ
398 3521 558 3604 ἀλόγιστον.
576 3523 725 3585 Phaeder
743 3539 823 3585 vero
842 3524 930 3586 hanc
950 3525 1153 3586 sententiam
1170 3524 1305 3603 scripsit
1323 3544 1328 3583 :
1349 3546 1362 3577 ι(
1380 3524 1452 3585 Ηοο

229 3626 297 3684 illis
307 3620 433 3683 dictum
445 3624 496 3684 est
506 3627 625 3697 articus
641 3627 803 3686 lecatorem
813 3626 844 3684 et
853 3628 1003 3698 croatam
1016 3625 1160 3684 Fortuna
1174 3621 1299 3694 tribuit,
1315 3639 1452 3683 sensum

230 3735 442 3782 communem
457 3718 608 3782 abstulit.
626 3744 641 3775 »
659 3720 735 3782 Non
751 3721 887 3782 eosdem
902 3720 1056 3783 homines
1072 3719 1113 3782 ab
1129 3725 1273 3798 utroque
1290 3719 1359 3799 peti
1374 3720 1451 3799 quis

230 3836 298 3880 non
324 3818 458 3880 sentit?
490 3819 623 3880 Nemini
651 3819 751 3880 licere
776 3822 912 3898 propter
938 3816 1080 3880 formam
1104 3819 1253 3900 corporis
1282 3818 1448 3892 eximiam,

229 3916 356 3992 ingenii
372 3913 470 4004 dotes
485 3915 549 3979 sibi
566 3917 747 3990 vindicare,
764 3933 881 3979 omnes
896 3917 1008 3979 sciunt
1028 3920 1060 3979 et
1079 3917 1332 3992 assentiuntur;
1349 3933 1450 3996 quam

229 4012 327 4075 multi
355 4031 446 4088 vero,
478 4014 558 4094 quia
585 4015 726 4092 gloriam
756 4014 903 4096 aliquam
933 4019 991 4076 ant
1019 4015 1182 4076 honorem
1212 4012 1323 4094 adepti
1359 4017 1448 4088 sunt,

229 4112 424 4174 existimant
446 4130 481 4174 se
503 4114 624 4175 ceteris
649 4116 819 4192 praestare
843 4131 911 4175 nou
934 4113 1032 4175 modo
1056 4113 1180 4175 divitiis
1193 4117 1226 4174 et
1244 4112 1447 4183 conditione,

230 4210 414 4274 sedetiam
439 4211 572 4288 ingenio
598 4215 631 4274 et
653 4216 764 4274 mente
787 4212 989 4274 excellenti:
1011 4211 1073 4273 hos
1095 4211 1244 4274 Phaeder
1266 4227 1394 4290 pauper
1417 4213 1449 4272 et

228 4307 395 4370 obscurus
409 4310 556 4384 lacessit,
575 4327 614 4371 ne
630 4310 707 4390 quis
723 4310 837 4372 credat
861 4310 942 4372 solis
966 4307 1149 4372 humilibus
1166 4327 1241 4372 esse
1259 4308 1447 4382 stultitiam,

228 4406 422 4486 potentibus
438 4407 603 4470 meritum.

267 4504 428 4567 Fabulam
459 4506 549 4590 Ἀνὴρ
579 4509 758 4586 praeradia<
790 4511 835 4566 καὶ
867 4510 971 4590 ἑταῖραι
1000 4507 1171 4569 concludit
1200 4508 1355 4585 Aesopus
1382 4504 1447 4567 hoc

228 4604 430 4666 documento
448 4623 454 4666 :
472 4605 545 4664 οὕτω
566 4615 711 4688 πανταχοῦ
735 4612 767 4665 τὸ
784 4607 932 4686 ἀνώμαλον
956 4606 1105 4686 ἐπιβλαόὲς
1127 4609 1195 4666 ἐστι.
1214 4603 1445 4684 Promythium

228 4702 364 4763 satiram
385 4700 465 4764 iecit
485 4701 643 4774 Phaeder,
667 4721 706 4764 ac
729 4703 805 4765 odio
825 4704 984 4765 incitatus
1009 4704 1101 4764 velut
1123 4702 1228 4764 telum
1253 4705 1387 4763 acutum
1411 4701 1446 4761 in

227 4816 325 4862 omne
339 4797 539 4863 feminarum
554 4817 659 4877 genus
671 4800 842 4880 jaculatur
859 4819 865 4861 :
