3612 5638
833 525 915 574 PRRS
937 526 1128 574 ros‘rntuort:
1184 537 1189 560 r
1211 571 1214 578 ,

963 859 988 918 Β

404 1123 442 1188 ln
464 1126 581 1190 eodem
605 1124 692 1188 libro
712 1125 773 1188 elsi
800 1125 943 1188 maxime
968 1123 1108 1188 eruebat
1130 1123 1282 1188 Phaeder
1305 1127 1343 1186 ut
1367 1122 1409 1187 ab
1434 1125 1588 1206 Eutycho

364 1222 526 1288 adversus
542 1227 755 1290 accusatores
771 1221 906 1288 defendi
925 1227 1047 1304 posset,
1066 1228 1190 1302 tamen,
1207 1227 1246 1286 ut
1270 1239 1313 1285 ex
1335 1223 1472 1308 prologo
1491 1223 1586 1286 vide-

364 1324 430 1401 tur,
447 1326 583 1403 propter
598 1340 638 1387 ee
652 1339 721 1390 non
736 1319 860 1386 oblitus
876 1323 927 1384 est
950 1321 1033 1384 alias
1058 1319 1183 1383 doloris
1206 1337 1328 1384 causas
1345 1340 1351 1382 :
1375 1320 1468 1410 quod
1490 1320 1586 1384 multi

363 1417 505 1484 tabellas
522 1437 601 1484 snas
614 1421 753 1484 minoris
775 1417 937 1497 iacerent,
962 1423 1164 1502 poetamque
1179 1417 1309 1500 ,Aesopi
1336 1405 1507 1481 aemulum
1535 1418 1584 1500 (ll,

363 1519 402 1583 10
416 1553 455 1564 -
470 1519 555 1582 Har.
580 1520 631 1597 tt,
658 1521 675 1582 5
700 1519 787 1600 sqq.)
812 1517 992 1580 immodica
1014 1535 1071 1598 spe
1094 1535 1311 1598 praesumere
1331 1514 1585 1580 arbitrarentur.

364 1615 414 1678 Ad
430 1615 506 1680 illos
522 1614 643 1680 alludit
655 1617 691 1679 in
703 1615 906 1697 bisprologi
920 1614 1077 1682 versibus
1094 1634 1101 1674 :

547 1805 607 1868 itgo
620 1795 709 1868 quem
730 1801 825 1855 Pierio
837 1805 931 1876 mater
945 1801 1034 1854 enixe
1045 1805 1096 1852 est
1108 1800 1188 1866 jugo,

547 1965 687 2029 Quamvis
701 1965 731 2014 iu
746 1966 806 2027 ipsa
821 1970 899 2013 notata
914 1964 970 2013 sim
986 1961 1126 2025 Piktoebli]
1137 1962 1228 2010 scitoto

547 2047 731 2109 Curamqute]
750 2043 877 2096 habendi
894 2043 1012 2109 penitus
1027 2045 1111 2095 corde
1126 2042 1265 2094 eraserim

548 2128 582 2178 Et
598 2125 728 2178 tandein
744 2125 856 2196 vita[mt
871 2123 1044 2196 hanctbaut
1060 2121 1185 2186 intvitta]
1201 2121 1392 2183 incubuerim,

546 2205 713 2268 Fastidiosle]
730 2209 830 2257 tamen
844 2205 875 2255 in
886 2211 986 2254 ecetram
999 2205 1124 2268 recipior.
1190 2209 1215 2242 --’

546 2591 783 2698 Οιὶοὲη’(1ὶῦ.τιὲηέ)
796 2589 1079 2698 'sr‘re'ges'rae‘aaaon
1093 2630 1139 2682 siu
1154 2588 1253 2694 autem
1268 2630 1377 2696 minus,
1457 2667 1461 2675 .

545 2711 703 2767 Habebunt
717 2719 794 2766 certe
805 2726 862 2778 quo
878 2726 909 2766 se
922 2713 1071 2766 oblectent
1084 2711 1192 2776 portast

1345 2822 1376 2874 (r.
1389 2820 1475 2874 ater.)

330 3053 334 3062 “
358 3065 461 3139 Quasi
478 3081 544 3126 non
562 3061 710 3127 confidat
726 3055 895 3144 praesenti
905 3049 1059 3142 'tempore
1074 3062 1199 3127 librum
1214 3081 1315 3127 suum
1334 3064 1460 3126 lectum
1478 3065 1520 3127 iri
1540 3065 1583 3129 ab

356 3160 567 3245 aequalibus,
584 3160 724 3222 Videtur
737 3161 826 3222 enim
842 3159 927 3222 liber
937 3161 1106 3224 secundus
1121 3162 1236 3225 multis
1250 3164 1362 3226 minus
1376 3162 1462 3226 bene
1478 3162 1581 3228 fuisse

356 3266 529 3342 acceptae,
547 3260 770 3340 nonnullique
790 3276 887 3338 aegre
903 3260 1022 3323 tulisse
1035 3259 1124 3340 quod
1139 3259 1181 3322 ab
1197 3263 1328 3340 Aesopo
1343 3262 1495 3324 Phaeder
1509 3261 1580 3326 dis-

355 3360 527 3435 cessisset,
538 3360 684 3423 maxime
696 3355 785 3439 quod
796 3375 903 3435 genus
914 3357 957 3420 ab
972 3357 1029 3420 illo
1039 3359 1216 3438 inventum
1230 3360 1429 3423 mutandum
1442 3362 1581 3423 omnino

355 3464 389 3522 et
417 3456 662 3539 perficiendum
696 3456 918 3536 suscepisset,
950 3456 1154 3537 gloriamque
1185 3474 1245 3539 pro
1269 3475 1373 3538 parvo
1403 3459 1581 3522 neniarum

354 3555 470 3619 libelle
484 3553 645 3618 enimiam
659 3551 716 3634 (cf.
739 3554 823 3634 Epil.
849 3553 890 3626 ll,
917 3553 967 3632 35)
992 3552 1056 3616 sibi
1079 3554 1330 3618 vindicavisset.
1356 3554 1581 3627 Quamobrem

353 3656 455 3734 poeta
491 3651 561 3733 jam
592 3649 635 3713 ab
661 3651 728 3713 illis
757 3654 977 3731 exasperatus
1004 3653 1062 3732 qui
1088 3654 1223 3729 negotia
1244 3654 1276 3714 ei
1301 3652 1502 3728 afferebant,
1528 3656 1580 3718 eis

355 3767 493 3831 quoque
509 3751 613 3830 quisi
630 3748 763 3812 laudem
778 3746 992 3826 denegabant
1005 3750 1041 3811 in
1060 3748 1190 3832 aliquot
1208 3749 1340 3814 fabellis
1361 3751 1580 3816 vehementer

355 3847 550 3929 respondet.
576 3846 704 3920 Quibus
728 3846 812 3910 adeo
836 3848 993 3909 irascitur
1021 3852 1057 3911 ut
1081 3849 1280 3934 plerumque
1304 3852 1479 3914 materiam
1503 3855 1580 3933 apte

355 3946 544 4024 eligendam
570 3947 664 4018 nullo
692 3945 791 4008 modo
820 3949 933 4023 curet,
965 3963 1081 4010 verum
1109 3943 1268 4009 fabellam
1296 3948 1401 4028 ipsam
1435 3949 1578 4013 minoris

354 4046 517 4109 momenti
532 4043 667 4118 habeat,
683 4045 752 4106 vim
772 4047 876 4106 totam
898 4045 933 4105 in
953 4045 1144 4124 promythio
1160 4050 1217 4106 aut
1238 4047 1274 4107 in
1289 4047 1474 4127 epimythio
1499 4065 1578 4110 con-

353 4144 469 4206 tineat.
490 4144 621 4228 ltaque,
642 4143 671 4206 si
690 4140 800 4208 nudos
823 4142 917 4219 logos
940 4140 1168 4221 perpenderis
1185 4160 1243 4205 eos
1267 4144 1352 4205 nibil
1371 4161 1482 4225 neque
1499 4164 1577 4209 ver-

354 4239 472 4304 borum
493 4258 597 4304 sensu
620 4258 731 4321 neque
747 4240 933 4318 argumenti
948 4238 1186 4302 convenientia
1200 4257 1446 4323 nonnunquam
1462 4241 1577 4307 valere

352 4340 553 4421 comperies.

393 4437 496 4518 Cujus
511 4437 641 4515 generis
657 4439 720 4501 erit
732 4435 882 4500 fabulet
908 4459 922 4490 a
939 4435 1114 4496 Perattero
1135 4437 1166 4496 et
1188 4438 1354 4502 Pastores
1370 4463 1384 4492 »
1410 4437 1509 4517 (Har.
1526 4440 1579 4523 46)

352 4553 431 4599 cum
446 4536 480 4598 in
495 4536 573 4598 illos
587 4535 709 4615 scripta
727 4535 787 4617 qui
802 4532 944 4596 Phaedri
958 4531 1134 4608 ingenium
1148 4535 1409 4598 contemnebant
1419 4535 1474 4617 (ad
1489 4554 1577 4618 quos

355 4636 502 4716 perduct
517 4635 686 4698 sententia
699 4633 854 4696 moralis:

649 4819 729 4872 Solet
742 4831 759 4870 a
774 4818 899 4883 despectis
910 4827 962 4882 par
977 4811 1079 4868 reterri
1095 4815 1210 4880 gratio),
