3636 5652
347 513 385 576 38
814 526 895 572 rans
917 525 1106 572 rosrnaroa.

343 675 547 747 averterent,
565 673 613 735 ita
634 687 735 734 ranas
749 669 900 751 depinxit
914 668 1071 746 afflictas,
1091 692 1102 726 ι
1121 668 1302 732 clamorem
1317 667 1359 730 ad
1375 668 1485 732 sidera
1500 668 1566 732 tol-

344 773 450 837 lentes
468 793 494 845 »,
510 771 530 832 J
534 786 701 851 ovemque
717 771 853 833 orantes
874 786 917 832 ne
936 786 972 832 se
988 767 1058 848 jam
1083 767 1223 832 miseras
1247 767 1440 830 miseriores
1465 768 1567 830 etiam

344 888 420 934 esse
434 873 618 951 pateretur.

384 967 493 1030 Simili
508 967 607 1029 modo
622 967 656 1027 in
672 963 833 1026 mutanda
847 968 880 1028 et
895 965 1048 1041 augenda
1067 965 1189 1043 Aesopi
1215 960 1330 1027 fabula
1352 963 1496 1047 Βάτραχοι
1520 965 1565 1025 αἱ-

343 1076 457 1134 acem<
483 1065 600 1145 βασιλέα
617 1062 731 1144 (Halm
752 1062 812 1143 76),
831 1062 954 1140 delegit
969 1081 1009 1125 ea
1024 1079 1111 1143 quae
1126 1080 1173 1136 se,
1190 1059 1372 1135 Tiberium,
1390 1061 1562 1141 Sejanum,

343 1181 398 1226 res
421 1164 601 1234 Romanae,
627 1163 816 1224 Romanum
831 1159 994 1242 populum
1008 1158 1185 1222 manifeste
1202 1158 1444 1237 significarent.
1471 1159 1560 1222 Lon-

343 1277 423 1338 gum
441 1261 555 1341 itaque
579 1259 788 1340 prooemium
811 1256 954 1320 fabellae
971 1257 1244 1338 praeponendum
1264 1256 1405 1333 curavit,
1423 1257 1562 1339 nequid

346 1356 436 1422 dubii
450 1356 642 1438 legentibus
657 1354 904 1438 relinqueretur
921 1374 928 1416 :

594 1572 604 1621 l
626 1570 757 1623 Athenae
772 1582 864 1634 quum
879 1570 1004 1634 florerent
1017 1568 1109 1634 aequis
1124 1567 1232 1633 tepidus,

593 1654 609 1703 2
623 1651 731 1701 Proraar
745 1650 852 1701 libertos
864 1651 996 1700 civitatem
1010 1650 1116 1700 miscuit

592 1735 607 1783 3
624 1735 808 1795 Frenumque
824 1729 912 1784 solvit
926 1729 1086 1794 pristinum
1101 1729 1232 1782 licentia.

592 1817 606 1864 l
623 1811 677 1864 Hic
693 1812 855 1876 conspiratis
869 1811 1017 1875 factionum
1034 1811 1161 1874 partitis,

593 1896 609 1947 5
625 1893 719 1944 Arcem
733 1898 866 1957 tyrannas
880 1896 991 1956 occupat
1006 1891 1174 1942 Pisistratus.

592 1975 609 2024 6
625 1973 698 2024 Cum
714 1972 815 2022 tristem
827 1971 980 2022 servitutem
992 1971 1085 2035 flerem
1098 1969 1188 2029 Attici,

593 2057 608 2104 7
625 2051 699 2114 (Noa
713 2052 777 2124 quta
791 2051 906 2102 ααααιῑε
919 2051 974 2115 itte,
990 2050 1193 2116 sedquoniam
1209 2049 1308 2115 gravis

595 2137 610 2186 8
627 2132 753 2187 Omnino
768 2131 916 2196 insuetis),
931 2144 1007 2185 onus
1024 2133 1054 2184 et
1068 2132 1212 2197 coepissem
1225 2134 1311 2198 quest,

593 2216 609 2266 9
625 2213 744 2278 Aesopus
759 2211 845 2266 talem
861 2217 924 2266 tum
937 2211 1072 2266 tabellam
1087 2213 1230 2276 reltltulit.

583 2295 614 2347 tt]
629 2295 730 2350 Ranae
741 2299 884 2360 vagantes
900 2292 989 2344 literis
1002 2291 1186 2360 paludibus...
1203 2299 1257 2351 etc.

1333 2393 1356 2447 (¹-
1370 2393 1399 2445 ³·l

385 2635 614 2696 Memorantur
636 2632 792 2696 versibus
816 2635 830 2695 l
860 2637 892 2695 et
919 2633 953 2697 lt]
978 2636 1130 2712 tempora
1153 2635 1211 2698 illa
1225 2634 1352 2698 liberae
1364 2638 1397 2699 et
1413 2634 1566 2699 florentis

345 2737 571 2797 Romanorum
587 2731 751 2807 civitatis3
771 2729 928 2794 versibus
944 2735 962 2794 2
978 2734 1011 2794 et
1025 2731 1042 2794 3
1057 2730 1286 2810 bellacivilia;
1302 2732 1459 2797 versibus
1475 2733 1566 2797 deti

345 2829 591 2908 triumviratus,
617 2832 651 2891 et
674 2829 848 2891 Octaviani
871 2830 1028 2906 Augusti,
1053 2835 1167 2910 postea
1192 2830 1315 2894 Tiberii
1337 2832 1562 2913 principatus,

345 2928 500 2993 versibus
530 2926 751 3008 sequentibus
778 2929 1007 3006 Romanorum
1035 2928 1202 2992 desideria
1230 2934 1263 2992 et
1292 2930 1468 3012 querelae,
1500 2931 1565 2992 etsi

346 3028 530 3106 Augustus,
554 3029 591 3088 ut
606 3026 687 3090 olim
711 3027 920 3100 Pisistratus,
947 3025 1094 3107 injustae
1118 3029 1350 3108 occupationis
1370 3029 1567 3091 memoriam

347 3124 504 3206 prudenti
534 3124 823 3187 administratione
851 3126 884 3187 et
908 3124 1086 3188 clementia
1116 3129 1150 3188 et
1182 3125 1359 3188 beneficiis
1388 3125 1567 3188 obliterare

348 3226 488 3287 conatus
502 3225 562 3300 est,
579 3221 733 3286 Tiberius
747 3239 895 3305 quoqne,
920 3223 1037 3303 primis
1048 3225 1143 3302 regni
1159 3225 1213 3286 sui
1224 3227 1334 3300 annis,
1351 3223 1442 3286 haud
1457 3224 1572 3287 crude·

347 3323 423 3384 liter
437 3338 473 3384 se
488 3321 599 3400 gessit.
618 3320 729 3402 Hujus
745 3324 858 3382 autem
876 3322 1010 3402 tyranni
1026 3323 1170 3384 maxime
1196 3324 1364 3386 Romanos
1378 3324 1571 3402 pertaesum

349 3424 411 3496 est,
434 3423 623 3501 postquam·
640 3436 717 3481 eum
737 3419 909 3482 occultum
925 3423 957 3480 et
972 3420 1114 3482 inertem
1131 3425 1321 3483 senserunt.
1339 3421 1427 3493 Mox,
1447 3419 1568 3500 Sejano

348 3519 530 3592 saeviente,
555 3516 683 3598 ubique
707 3516 836 3594 caedes,
854 3515 1021 3606 *formido
1048 3521 1223 3598 maestumj
1246 3518 1427 3580 silentium.
1456 3518 1570 3581 Tacite
1641 3505 1647 3520 '

349 3634 440 3680 nuuc
456 3615 536 3679 deos
552 3614 695 3678 orabant
710 3617 747 3676 ut
763 3614 828 3677 sibi
844 3615 968 3679 auxilio
983 3617 1150 3695 venirent,
1167 3614 1300 3680 frustra.

389 3715 484 3778 Tunc
507 3713 617 3795 prodit
639 3715 793 3794 Aesopus
817 3715 911 3789 alter,
934 3713 1094 3790 Phaeder,
1115 3718 1298 3798 monetque
1322 3712 1465 3777 afflictos
1482 3713 1572 3776 cives

350 3797 514 3878 stultitiae
532 3814 565 3874 et
580 3811 778 3874 insolentiae
794 3812 872 3874 dare
893 3829 1034 3892 paenas3
1053 3830 1094 3875 ne
1114 3811 1242 3874 diutius
1266 3812 1398 3874 caelum
1418 3809 1573 3892 precibus

349 3910 488 3989 fatigent
504 3929 511 3972 ε
529 3908 677 3972 belluam
696 3910 809 3984 istam,
828 3910 996 3990 Sejanum,
1014 3911 1048 3970 in
1068 3910 1293 3972 calamitatem
1309 3910 1426 3990 populi
1441 3908 1572 3972 romani

351 4008 450 4071 adiis
467 4008 623 4071 consulto
638 4024 713 4070 csse
728 4008 883 4070 missum.

615 4213 690 4263 Tum
704 4210 787 4262 misit
803 4210 863 4263 illis
878 4210 1012 4274 hydrum,
1028 4209 1080 4275 qni
1102 4209 1189 4262 dente
1204 4223 1308 4275 aspero

617 4291 762 4356 corripere
777 4291 872 4356 coepit
887 4290 1029 4356 singulas.
1051 4293 1167 4342 Frustra
1182 4304 1283 4344 necem

616 4370 754 4436 Fugitant
769 4372 886 4434 inertes,
902 4383 1005 4425 vocem
1020 4369 1181 4436 praecludit
1195 4375 1300 4424 metus.

1277 4474 1308 4524 (v.
1320 4471 1401 4524 md).

394 4704 551 4770 Similiter
571 4703 706 4767 Tacitus
727 4704 763 4764 in
784 4704 870 4764 Ann.
892 4700 1166 4774 lV,nx1x‹Non
1190 4701 1271 4765 alias
1293 4702 1397 4780 magis
1419 4702 1520 4764 anxia
1540 4706 1574 4766 et

354 4821 481 4887 pavens
504 4804 634 4878 civitas,
653 4821 709 4864 r...
728 4819 796 4865 nxx
816 4799 1054 4883 ql'rahebatur
1073 4796 1241 4882 [Sabinus]
1263 4801 1440 4866 damnatus
1459 4801 1574 4864 clami-
