3636 5652
353 525 393 590 t‘t
820 543 902 589 raas
924 541 1113 590 rosruaroa.

353 685 545 762 collocavit,
561 685 704 765 singulis
721 685 925 750 narrationis
940 683 1089 767 partibus
1108 686 1156 748 ita
1175 684 1348 768 dispositis
1360 688 1399 750 ut
1414 684 1573 750 lectorem

353 783 496 846 maxime
512 786 773 848 commoverent.

393 881 565 962 Ejusmodi
586 881 731 956 fabulae,
759 899 878 945 sereno
903 885 934 944 et
960 881 1059 944 hilari
1079 883 1192 946 animo
1208 884 1364 963 scriptae,
1389 899 1465 946 raro
1484 882 1573 964 apud

352 978 541 1044 Phaedrum
555 981 788 1058 inveniuntur,
803 980 870 1042 illis
886 981 1081 1060 praesertim
1096 979 1305 1061 temporibus
1319 978 1445 1063 quibus
1462 979 1574 1060 SeJani

352 1080 491 1141 victima
504 1079 643 1146 exstitit..
662 1079 823 1143 Memoria
835 1077 1003 1142 malorum
1022 1095 1160 1142 suorum
1180 1095 1312 1160 semper
1331 1082 1480 1142 mentem
1499 1077 1572 1158 ejus

351 1181 506 1259 occupat,
523 1178 675 1259 iramque
691 1178 722 1240 ei
736 1180 849 1240 movet
864 1176 1025 1241 continuo
1040 1194 1119 1239 cum
1133 1177 1169 1239 in
1183 1177 1297 1258 ipsum
1313 1177 1483 1258 Sejanum,
1501 1179 1573 1239 tum

351 1275 451 1338 etiam
464 1277 501 1339 in
516 1276 592 1340 illos
608 1294 668 1360 per
681 1293 769 1359 quos
785 1273 939 1357 aSejano
956 1279 1006 1340 est
1021 1292 1211 1358 oppressus.
1237 1276 1286 1338 Ad
1301 1275 1437 1340 illorum
1453 1275 1571 1355 nequi·

352 1374 443 1448 tiam,
461 1373 503 1437 ad
516 1391 613 1438 suam
626 1373 795 1438 miseriam
807 1372 950 1438 dilucide
963 1374 1080 1438 alludit
1092 1375 1126 1436 in
1137 1372 1260 1438 fabella
1273 1398 1286 1432 ι
1299 1378 1425 1450 Aquita
1438 1378 1573 1438 Gorneae

350 1474 382 1536 et
401 1475 542 1538 Testudo
558 1492 573 1535 a
588 1471 687 1554 (Har.
705 1473 767 1555 39).

629 1661 731 1713 Contra
743 1665 861 1726 potentes
875 1671 962 1712 nemo
976 1664 1022 1712 est
1037 1659 1179 1724 m[u]uitur
1193 1660 1283 1722 saliam

630 1739 660 1792 Si
675 1752 743 1793 vero
757 1739 880 1793 accessit
895 1739 1050 1792 omriliotor
1065 1739 1209 1805 oaokltcus,

635 1821 679 1891 Vir
694 1827 718 1871 ee
731 1821 852 1887 nequitia
864 1820 1003 1886 quicquid
1018 1824 1191 1886 oppugnant
1207 1819 1276 1873 ruit.

389 2019 461 2081 llac
476 2019 646 2083 testudine
662 2037 784 2103 quaer
808 2035 930 2100 corpus
955 2036 1078 2083 cornea
1099 2019 1198 2083 domo
1224 2018 1409 2094 abdiderat,
1437 2036 1479 2082 ne
1501 2019 1572 2082 ullo

348 2119 448 2198 pacto
478 2116 564 2180 laedi
594 2120 707 2198 posset
735 2118 871 2181 condita
901 2141 931 2194 ι,
961 2114 1138 2181 manifeste
1168 2115 1378 2194 significatur
1402 2121 1501 2197 poeta
1526 2116 1568 2180 ad

347 2213 514 2277 notandos
529 2214 700 2295 improbos
714 2214 905 2278 fabularum
922 2233 1005 2280 usus
1020 2232 1152 2292 genere,
1170 2218 1206 2276 ut
1224 2212 1268 2275 ab
1288 2214 1425 2276 illorum
1448 2214 1572 2295 injuria

349 2316 439 2375 tutus
464 2315 625 2376 maneret.
643 2313 737 2385 Quod
748 2317 861 2377 autem
876 2337 891 2371 α
908 2312 1248 2394 opimampraedam›
1265 2311 1309 2394 (v.
1326 2311 1357 2391 8)
1372 2330 1408 2375 se
1425 2313 1569 2388 vocavit,

347 2427 447 2474 nemo
462 2409 640 2475 mirabitur
654 2413 711 2475 cui
726 2415 847 2475 natura
861 2415 895 2475 et
910 2429 1031 2475 sensus
1045 2412 1119 2492 ejus
1134 2411 1205 2474 noti
1220 2414 1328 2473 erunt.

454 2597 592 2648 Promisso
604 2603 693 2663 parte,
709 2597 813 2651 suadet
825 2597 982 2663 <aquilae
996 2597 1135 2657 cornix>
1147 2601 1181 2650 ut
1193 2595 1347 2662 scopulum
1358 2608 1447 2662 super

454 2677 522 2728 Atre
536 2677 570 2726 ab
584 2678 665 2728 ostris
680 2678 779 2728 durum
793 2678 893 2729 inlidat
907 2679 1041 2734 corticem.

455 2760 517 2822 Qua
532 2757 714 2812 comminuta
727 2758 867 2824 facilem]
882 2763 1017 2812 vescetur
1029 2757 1149 2824 clb[um]
1383 2769 1414 2818 (v.
1426 2766 1507 2818 rara).

384 2963 533 3045 conjicio
545 2983 606 3044 ego
617 2965 784 3031 delatores
797 2967 881 3031 istos
893 2967 1083 3048 speravisse
1098 2964 1170 3029 fore
1184 2969 1221 3028 ut
1237 2982 1305 3028 non
1316 2965 1427 3047 Sejani
1438 2968 1571 3028 tantum

345 3061 405 3126 sed
420 3079 500 3127 suas
522 3080 659 3146 quoque
686 3064 828 3145 injurias
851 3064 1097 3128 ulciscerentur
1121 3065 1149 3127 si
1173 3064 1299 3141 gloriae
1320 3063 1497 3151 ‘sollemnis
1513 3080 1570 3143 spe

343 3160 466 3241 dejecti
481 3161 623 3228 Phaedri
638 3163 728 3226 vires
752 3160 998 3242 frangerentur,
1022 3161 1056 3225 id
1077 3165 1129 3224 eet
1152 3162 1179 3225 si
1200 3163 1230 3224 ei
1253 3160 1512 3224 interdiceretur
1527 3176 1570 3222 ne

344 3258 484 3324 tabellas
498 3261 534 3324 in
549 3261 724 3343 publicum
739 3264 926 3338 emitteret3
945 3265 1031 3337 tum,
1049 3265 1149 3342 poeta
1164 3260 1206 3324 ad
1229 3260 1397 3324 silendum
1419 3259 1567 3335 redacto,

343 3358 408 3439 ipsi
439 3362 559 3439 postea
590 3361 701 3427 securi
730 3358 850 3424 forent.
881 3361 925 3424 Ut
957 3359 1090 3426 testudo
1119 3359 1264 3423 cornicis
1292 3358 1489 3439 nequitiam,
1521 3358 1569 3420 sic

343 3456 494 3521 Phaeder
521 3458 655 3522 illorum
682 3457 933 3540 improbitatem
964 3475 1032 3522 uon
1060 3456 1268 3539 praeviderat
1299 3479 1305 3516 :
1339 3456 1474 3537 utrique
1506 3471 1570 3518 sua

342 3555 566 3636 imprudentia
580 3556 683 3620 exitio
698 3555 771 3621 fuit.
790 3556 934 3620 Testudo
950 3557 1040 3620 enirn

572 3717 575 3724 ⁴
693 3748 757 3797 tuta
771 3756 846 3809 quae
858 3743 994 3808 caieriah
1009 3743 1103 3796 iuerat
1117 3754 1249 3802 munere,

651 3830 747 3892 impar
761 3825 876 3878 duabus
892 3825 998 3877 occidit
1016 3823 1092 3876 tristi
1109 3835 1189 3874 nece.
1378 3829 1411 3879 (v.
1423 3828 1505 3882 retr).

381 4037 531 4101 Phaeder
555 4039 667 4101 autern
691 4035 794 4102 totius
815 4035 903 4097 vitae
928 4049 1004 4114 spes
1026 4045 1144 4094 omnes
1170 4028 1297 4105 amisit,
1323 4045 1402 4091 cum
1421 4031 1455 4092 et
1481 4029 1570 4094 liber

341 4134 487 4200 abolitus
506 4140 607 4213 esset,
624 4151 733 4215 neque
746 4133 816 4218 jam
831 4131 1011 4213 quicquam
1028 4127 1057 4190 ei
1073 4125 1219 4189 scribere
1234 4126 1362 4190 liceret.

381 4235 493 4297 Unum
508 4237 621 4296 tamen
636 4234 671 4296 in
694 4233 788 4296 tanta
802 4230 993 4294 calamitate
1009 4223 1201 4288 consolatur
1225 4223 1333 4300 illum,
1359 4223 1450 4306 quod
1475 4225 1566 4289 vitae

344 4349 426 4394 suae
447 4331 589 4412 Sejanus
619 4328 828 4413 pepercerit3
860 4329 975 4406 itaque
995 4323 1030 4384 in
1054 4319 1178 4383 labella
1203 4325 1322 4385 <Marti
1341 4327 1407 4386 duo
1431 4326 1463 4387 et
1480 4301 1566 4387 tee-

342 4432 434 4493 torea
450 4448 465 4491 a
483 4429 580 4511 (Har.
594 4429 645 4510 id)
656 4447 720 4494 «se
735 4426 966 4505 contemptum
980 4416 1139 4498 gaudet»,
1150 4418 1363 4500 laetaturque
1381 4420 1484 4502 quod,
1497 4439 1568 4504 quo

342 4529 494 4612 tempore
505 4525 704 4591 nobilissimi
715 4526 809 4590 cives
820 4523 862 4586 ad
881 4535 999 4585 necem
1009 4513 1120 4579 abillo
1130 4513 1352 4593 traherentur,
1363 4517 1448 4599 ipse,
1462 4518 1567 4583 homo

342 4624 505 4692 obscurus
515 4627 656 4690 mortem
672 4622 838 4701 effugerit.

800 4757 864 4807 tute
878 4754 924 4803 est
938 4746 1092 4800 hominum
1107 4741 1252 4804 tenuitas;

650 4839 773 4902 Magnae
788 4830 918 4901 periclito
931 4832 1002 4880 sunt
1015 4836 1084 4889 opes
1098 4821 1250 4874 obnoxiae.
1378 4839 1409 4890 (v.
1424 4836 1503 4891 tart).
