3636 5652
634 532 677 578 mr
697 531 821 578 0111111
842 533 1074 579 1111111111.
1431 515 1466 580 11

247 679 338 739 esset
354 676 495 758 Sejanus
507 679 543 737 ut
558 675 734 754 imperium
746 678 939 756 occuparet,
958 675 1114 738 nonnulli
1124 673 1270 738 fortasse
1282 674 1471 740 suadebant

248 777 317 836 «ut
340 774 474 837 hostem
497 772 629 850 fugeret
650 792 677 850 ›‚
700 773 795 836 illum
820 791 899 836 vero
924 772 1126 854 respondere
1149 773 1219 854 jam
1244 772 1309 836 sibi
1338 774 1468 838 nullam

246 872 408 953 majorem
426 871 652 934 calamitatem
667 872 773 934 metui
789 889 900 950 posse.

285 971 422 1050 Propter
437 968 540 1030 verba
555 988 571 1028 1
588 969 622 1029 11
639 970 829 1048 principatu
852 968 1121 1030 commutando»
1142 968 1280 1048 conjicit
1300 971 1335 1032 L.
1360 971 1469 1032 Havet

245 1065 272 1148 (ᾗ
287 1067 359 1145 tlt)
374 1065 531 1130 fabellam
548 1067 707 1145 scriptam
722 1084 796 1128 esse
813 1072 993 1146 postquam
1004 1065 1135 1128 Tiberio
1153 1069 1318 1133 successit
1332 1069 1365 1132 11.
1383 1067 1469 1130 (1111-

246 1166 325 1242 gula
335 1164 437 1244 (anno
449 1166 508 1246 37),
523 1165 691 1240 Caligulae
703 1163 861 1226 Claudius
871 1172 912 1242 11.
927 1164 989 1244 tl),
1002 1188 1017 1218 1
1031 1163 1083 1226 bis
1094 1166 1182 1226 intra
1192 1169 1351 1244 quattuor
1363 1181 1469 1225 annos

246 1266 473 1326 commutatus
490 1267 539 1326 est
556 1264 722 1343 princeps,
744 1262 796 1324 bis
813 1279 919 1324 vanae
945 1278 1019 1340 spes
1041 1261 1176 1324 fuerant
1192 1287 1218 1326 l.
1245 1264 1335 1335 Quae
1361 1264 1468 1325 inter·

246 1363 401 1442 prelatio,
418 1379 476 1441 per
491 1379 527 1424 se
543 1363 651 1440 primo
667 1359 829 1441 adspectu
839 1361 920 1423 satis
930 1358 1123 1439 probabilis,
1137 1377 1247 1442 neque
1257 1379 1335 1423 curn
1347 1363 1467 1423 ceteris

244 1458 321 1522 libri
338 1458 499 1540 partibus,
517 1476 628 1539 neque
642 1476 720 1520 curn
734 1459 817 1538 ipsis
834 1460 1033 1538 scriptorum
1059 1458 1262 1521 testimoniis
1283 1475 1468 1537 congruere

247 1558 327 1620 mihi
345 1558 486 1620 videtur.
502 1557 587 1619 Nam
601 1558 636 1620 in
654 1575 693 1620 eo
709 1556 795 1619 libro
811 1554 930 1618 alludit
945 1555 1094 1618 Phaeder
1118 1557 1159 1619 ad
1179 1556 1340 1636 Sejanum
1360 1557 1468 1619 adhue

246 1657 427 1731 viventem,
445 1655 486 1718 ad
502 1674 537 1718 se
553 1674 572 1717 a
586 1655 709 1736 Sejano
724 1655 835 1716 adhuc
850 1671 1052 1735 oppressum
1066 1654 1163 1736 (Epil.
1176 1655 1260 1717 Hav.
1277 1655 1327 1730 13,
1346 1655 1467 1736 lta-20),

245 1757 400 1836 aliaeque
422 1752 565 1817 fabellae
584 1753 629 1832 (e.
653 1771 684 1830 g.
709 1757 747 1818 20
771 1757 806 1815 et
829 1752 878 1832 31)
904 1753 945 1814 ad
968 1752 1113 1815 eundem
1135 1753 1296 1834 sejanum
1317 1756 1469 1834 spectare

246 1853 372 1934 optime
397 1851 635 1932 conjiciuntur.
661 1853 838 1913 Praeterea
865 1851 921 1912 hio
948 1854 1062 1922 narrat
1091 1855 1191 1931 poeta
1221 1852 1312 1913 senis
1349 1851 1468 1932 (idest

245 1951 361 2031 populi
377 1949 507 2012 romani
525 1949 577 2011 vel
593 1949 706 2029 potius
720 1946 870 2028 senatus)
885 1964 955 2009 non
966 1964 1043 2028 spes
1056 1944 1226 2029 deceptas,
1245 1948 1304 2010 sed
1316 1949 1468 2011 timorem

244 2048 285 2110 de
314 2046 445 2124 futuro,
481 2049 687 2128 scimusque,
718 2049 802 2110 teste
839 2045 1000 2108 Suetonio
1035 2044 1118 2124 (Tib.
1153 2045 1251 2127 LXV)
1287 2051 1320 2109 et
1354 2047 1468 2110 Tacito

246 2145 341 2225 (dnn.
359 2146 399 2220 V,
416 2146 474 2227 4¹),
502 2163 660 2208 romanos
685 2145 777 2208 cives
797 2143 980 2223 cupiditate
1004 2143 1117 2225 Sejani
1140 2144 1272 2207 indies
1296 2149 1467 2208 crescente

245 2246 441 2323 perterritos
457 2245 618 2306 metuisse
634 2259 676 2304 ne
691 2242 748 2305 ille
771 2259 850 2304 vere
877 2229 1051 2319 11111111»,
1068 2241 1190 2305 Tiberii
1214 2243 1313 2304 domo
1329 2241 1466 2322 perdita,

245 2341 471 2421 principatum
486 2339 664 2404 obtineret.
682 2340 814 2420 Scripta
828 2341 930 2418 igitur
947 2338 1080 2402 videtur
1094 2338 1217 2402 labella
1232 2355 1320 2402 anno
1337 2343 1386 2404 31.

283 2439 335 2500 Ad
350 2437 618 2519 conjurationem
634 2435 762 2518 Sejani²
777 2438 903 2499 Romae
913 2455 966 2500 res
976 2455 1084 2500 novas
1094 2438 1274 2516 molientis,
1288 2444 1468 2520 postquam

245 2535 399 2599 Tiberius
432 2537 613 2616 Capraeam
651 2539 879 2610 concesserat,
917 2534 1009 2597 haud
1048 2537 1160 2616 inepte
1196 2536 1469 2622 accommodatur

245 2633 360 2698 tabula
375 2639 416 2698 de
431 2638 522 2697 Corae
538 2635 769 2710 parturiente.
796 2632 968 2712 conjicere
984 2632 1081 2697 nobis
1095 2634 1175 2697 licet
1188 2636 1224 2698 in
1236 2633 1303 2698 fab.
1318 2639 1351 2700 31
1369 2636 1470 2714 signi-

245 2731 340 2794 ficari
373 2732 516 2795 eandem
544 2731 812 2813 conjurationem
841 2731 1469 2807 1111111111111111111111111

241 2830 313 2910 jam
327 2833 476 2910 apertius
493 2831 633 2910 Sejanus
649 2847 727 2892 oum
742 2827 875 2891 Tiberio
891 2848 906 2889 1
920 2828 961 2891 de
975 2831 1166 2910 principatu
1177 2833 1321 2895 certaret
1334 2855 1361 2910 r,
1377 2831 1467 2906 inde,

248 2932 469 3009 utercumque
483 2930 593 2992 victor
606 2927 743 2990 iuturus
766 2931 865 3005 esset,
885 2950 899 2984 ι
921 2944 1078 3004 magnam
1101 2929 1286 3008 perniciem
1308 2929 1467 2992 instare»

247 3027 371 3106 populo
385 3027 548 3101 Romano,
567 3027 668 3089 etiam
681 3026 749 3088 illis
764 3027 833 3106 qui,
846 3029 884 3088 ut
898 3025 1060 3102 Phaeder,
1074 3027 1135 3088 «in
1149 3031 1278 3090 secreta
1288 3027 1428 3091 latibula
1439 3053 1467 3104 1,

246 3122 388 3186 obscure
405 3127 558 3188 viventes
572 3129 631 3186 aut
647 3128 775 3186 secreto
791 3121 988 3198 scribentes
1005 3122 1247 3203 confugissent.

287 3221 447 3285 Fabulam
462 3223 607 3304 denique
622 3223 663 3286 de
679 3227 884 3285 Caesareae
899 3225 1094 3286 Atrtensem
1111 3223 1240 3287 Tiberio
1256 3225 1469 3305 imperitante

247 3321 407 3400 scriptam
429 3325 461 3382 et
487 3322 521 3382 in
546 3324 656 3383 lucem
678 3320 802 3383 editam
825 3336 885 3399 pro
911 3325 1002 3384 certo
1021 3320 1141 3400 habeo,
1166 3321 1230 3384 etsi
1255 3323 1351 3390 aliter
1373 3324 1470 3402 putat

247 3419 283 3480 L.
300 3419 420 3482 Havet.
439 3419 554 3500 Neque
570 3420 659 3480 enirn
675 3420 782 3500 potuit
797 3419 921 3480 otl'endi
942 3420 1064 3482 Caesar
1087 3419 1241 3483 Tiberius
1268 3419 1356 3499 quod
1379 3421 1470 3499 prin-

245 3518 333 3597 cipis
354 3519 482 3580 nomini
503 3516 719 3598 adjectivum,
743 3515 902 3579 laudandi
921 3518 1038 3596 gratia,
1060 3522 1160 3597 poeta
1184 3535 1251 3580 non
1280 3517 1467 3590 addidisset,

247 3613 428 3676 cumidem
444 3631 479 3677 se
495 3615 635 3691 Augusti
646 3614 805 3676 libertum
816 3614 1041 3694 profiteretur,
1054 3632 1122 3677 non
1133 3614 1199 3676 divi
1211 3597 1354 3693 Augusti
1370 3615 1469 3696 (quod

247 3715 361 3774 tamen
377 3703 563 3792 cognomen
580 3713 778 3794 plerumque
798 3711 1048 3793 usurpabatur),
1070 3717 1104 3774 et
1123 3711 1280 3776 fabellam
1305 3716 1410 3776 totam
1434 3715 1469 3774 in

246 3808 410 3872 honorem
423 3811 576 3890 accipere
592 3809 720 3887 debuit,
737 3814 772 3873 in
788 3827 855 3890 qua
871 3811 968 3872 villae
985 3828 1065 3873 suae
1076 3812 1276 3874 Misenensis
1287 3811 1469 3874 amaenitas

246 3911 431 3970 memorata
441 3911 539 3986 esset,
552 3909 625 3989 ipse
644 3914 758 3972 autem
770 3908 941 3988 virjustus
960 3909 1123 3990 pet-25)
1142 3907 1291 3990 habitus,
1304 3913 1335 3976 et
1352 3933 1366 3964 1
1385 3909 1469 3972 11111

247 4004 408 4085 majestas
422 4004 517 4068 ducis
544 4028 556 4063 ι
585 4007 790 4068 nominatus.
810 4007 875 4068 llas
889 4006 1012 4068 Tiberii
1041 4006 1158 4071 laudes
1178 4025 1198 4070 a
1216 4008 1366 4072 Phaedro
1391 4012 1470 4088 post

246 4108 389 4166 mortem
419 4103 493 4184 ejus
522 4121 596 4166 esse
628 4103 851 4185 praedicatas,
885 4103 944 4166 ubi
979 4129 993 4160 1
1020 4103 1191 4168 Tiberium
1215 4107 1250 4168 in
1277 4105 1421 4168 Tiberim
1452 4129 1463 4162 ι

246 4218 364 4264 omnes
380 4201 646 4275 clamitaverant,
663 4201 861 4265 incredibile
877 4206 940 4265 est.

279 4443 302 4496 1.
325 4461 337 4487 1
361 4441 438 4491 Simul
457 4443 571 4506 populus,
594 4443 688 4506 efligies
703 4433 857 4506 'Agrippinae
881 4457 909 4492 ac
929 4443 1033 4493 Neronis
1056 4459 1152 4509 gerens,
1177 4445 1336 4496 circumsistit
1361 4443 1466 4504 Curiam,
1492 4477 1494 4480 .

247 4513 365 4576 testisque
383 4513 407 4560 in
425 4513 553 4562 Caesarem
570 4514 735 4574 ominibus...
758 4515 869 4577 principe
886 4515 962 4564 invito
977 4516 1077 4564 exitium
1093 4516 1174 4565 domui
1196 4517 1249 4578 ejus
1270 4516 1362 4564 intendi
1383 4515 1468 4564 clarui-

246 4588 310 4636 tet...
327 4585 477 4634 Ferebentur
491 4586 563 4633 etiarn
578 4585 623 4634 sub
638 4586 777 4634 nominibus
792 4587 955 4636 consularium
971 4589 1039 4636 fietne
1050 4588 1074 4635 in
1085 4587 1200 4650 sejanum
1214 4587 1378 4636 sententiae...
1394 4605 1406 4632 ι»
1419 4590 1465 4637 etc.

275 4657 301 4708 2.
319 4655 346 4705 V.
363 4657 443 4718 Susa,
460 4656 511 4706 itt.
527 4657 600 4706 LXV.
