3612 5638
369 513 407 576 61
837 531 917 579 runs
939 531 1125 580 rosruaroa.

407 674 446 736 ln
461 671 583 737 labella
598 675 635 737 16
652 678 801 738 «Cicada
816 679 848 738 et
864 679 995 740 Noctua
1012 697 1027 737 ›
1042 675 1138 754 (Har.
1156 679 1203 756 601
1221 697 1337 744 131333
1351 681 1592 746 detrectatores

369 790 450 837 3333
464 772 645 837 admonere
662 773 802 849 videtur,
820 778 857 836 31
873 799 888 832 t<
906 777 1070 846 conviciis
1086 796 1102 836 1
1119 775 1222 840 finem
1242 777 1367 842 faciant
1381 780 1425 858 (v.
1444 779 1485 861 3),
1504 799 1590 844 neve

368 871 493 935 diutius
506 889 568 935 sua
582 873 743 952 patientia
758 871 951 946 abutantur,
967 874 996 934 31
1013 873 1121 935 nolint
1140 875 1276 938 meritas
1292 878 1492 941 insolentiae
1509 897 1591 942 suae

367 969 446 1032 dare
462 986 597 1048 poenas.

406 1065 579 1130 Fabellam
595 1071 704 1131 autern
722 1067 759 1130 18
781 1091 794 1123 l
812 1073 907 1130 Pavo
923 1073 1147 1131 colatronem
1163 1075 1203 1131 dc
1217 1087 1376 1135 uocesuo
1393 1097 1406 1128 1
1425 1071 1522 1153 (Η33.
1539 1075 1591 1154 61)

363 1153 401 1226 Ι13
427 1164 559 1228 invidos
583 1166 659 1228 11133
683 1164 774 1227 11333
799 1183 874 1228 3333
900 1167 1061 1252 scriptam
1084 1167 1154 1247 qui,
1182 1171 1344 1247 speciosis
1368 1175 1402 1234 et
1429 1170 1590 1235 inanibus

366 1261 463 1325 donis
479 1266 600 1325 natura
614 1261 766 1344 praediti,
783 1264 900 1341 gratia,
917 1263 1055 1340 honore,
1072 1263 1209 1340 divitiis,
1230 1268 1391 1345 «indigne
1406 1268 1560 1332 ferebant
1572 1294 1588 1326 »

365 1360 453 1442 quod
463 1361 1156 1442 humilisetpauperpoetaeximiisingenii
1167 1363 1371 1428 dotibusslbi
1382 1371 1586 1448 praestaret:

661 1563 744 1616 Illum
760 1576 825 1616 esse
841 1564 957 1616 cunctis
960 1601 1007 1614 .....
1025 1565 1248 1626 ammirabilem.

659 1645 694 1695 Se
709 1643 832 1695 derideri
848 1644 984 1696 simulac
1000 1657 1099 1696 vocem
1116 1645 1279 1709 3133111311.

1377 1748 1407 1796 (t
1422 1748 1480 1798 3·⁴·)

401 1976 521 2038 Pacete
546 1974 682 2055 quidem
706 1977 740 2036 et
761 1971 912 2053 improbe
935 1973 991 2034 illa
1007 1971 1095 2036 dicta
1110 1977 1207 2047 sunt;
1229 1972 1313 2035 11333
1327 1975 1429 2037 etiarn
1445 1975 1585 2039 ridicule

363 2093 378 2133 1
396 2072 593 2136 3333313311
608 2071 714 2149 gratia
732 2089 768 2131 »z

580 2276 634 2330 Sed
651 2275 746 2328 torma
760 2275 863 2335 vincis,
879 2274 972 2327 vincis
986 2275 1190 2340 magnitudine
1203 2290 1209 2337 ;

576 2357 660 2410 Nitor
674 2357 821 2422 smaragdi
837 2356 912 2408 collo
928 2355 1109 2420 311313131331
1125 2361 1173 2408 133

577 2437 721 2503 Pictisque
737 2437 843 2502 plumis
858 2449 1022 2502 gemmeam
1036 2437 1159 2488 caudam
1175 2437 1315 2502 explicas.

577 2545 606 2554 -
622 2520 684 2580 Quo
699 2518 759 2584 mli]
763 2555 810 2569 .....
827 2523 940 2569 mutam
956 2517 1091 2582 speciem,
1109 2517 1132 2567 si
1148 2517 1247 2568 vincor
1261 2519 1356 2569 33331

400 2759 570 2824 Fabellam
586 2761 623 2825 19
645 2765 829 2836 «Aesopus
850 2762 1029 2836 respondet
1051 2765 1200 2823 cerroto
1217 2785 1231 2816 »
1253 2761 1351 2840 (Har.
1368 2761 1418 2842 63)
1433 2760 1585 2824 Phaeder

359 2859 490 2938 Aesopi,
508 2862 545 2919 ut
566 2857 663 2936 solet,
679 2875 764 2919 usus
787 2857 934 2932 nomine,
951 2857 986 2918 in
1001 2847 1196 2918 universam
1216 2857 1349 2920 turbam
1368 2858 1582 2922 inimicorum

360 2957 502 3036 scripsit,
520 2957 555 3018 in
570 2974 637 3037 qua
652 2973 722 3017 rem
738 2973 757 3016 a
772 2973 808 3018 se
824 2954 960 3016 omnino
974 2958 1137 3016 mutatam
1154 2956 1278 3018 retulit.

398 3054 537 3131 Diogeni
553 3054 642 3115 eninr
658 3055 766 3116 otioso
782 3053 865 3132 (non
880 3052 1021 3132 Aesopo)
1036 3050 1150 3114 lerunt
1168 3053 1337 3115 neminem
1358 3071 1474 3117 eorum
1494 3055 1584 3118 inter

359 3168 445 3233 quos
467 3150 602 3213 vivebat
617 3169 702 3232 quos
718 3149 915 3230 corporibus
940 3149 1012 3211 suis
1036 3148 1139 3211 dediti
1164 3152 1289 3227 essent,
1316 3150 1488 3213 hominem
1510 3169 1582 3215 3333

361 3250 488 3323 visum;
518 3248 574 3311 hic
598 3266 676 3311 vero
700 3251 851 3329 Aesopus
875 3247 921 3327 (id
946 3251 995 3310 est
1018 3246 1181 3328 Phaeder)
1209 3251 1398 3327 occupatus
1429 3249 1583 3312 molestis

268 3389 272 3404 i
360 3348 471 3410 acrius
489 3348 679 3428 respondet,
696 3365 755 3410 eos
771 3345 863 3410 abire
878 3347 913 3408 in
928 3347 1051 3408 malam
1067 3364 1201 3408 crucem
1219 3347 1323 3408 semel
1333 3345 1442 3427 jubet.
1459 3348 1584 3432 Vulga-

359 3463 430 3508 rem
441 3450 474 3508 et
486 3463 599 3508 veram
610 3443 757 3508 fabulam
768 3445 1104 3524 commutavitpoeta‚
1114 3462 1181 3525 quo
1191 3445 1309 3507 melius
1320 3444 1361 3506 ad
1373 3447 1583 3526 propositum

360 3561 459 3606 suum
474 3543 680 3607 conveniret.

399 3643 438 3703 In
453 3658 571 3703 omnes
586 3642 688 3720 igitur
701 3639 778 3702 libri
794 3639 882 3703 tertii
898 3637 1050 3714 fabellas,
1076 3640 1146 3701 sive
1170 3641 1361 3720 Eutychum
1381 3639 1447 3704 sibi
1467 3642 1583 3722 propi-

362 3741 445 3801 tium
460 3737 595 3802 efficere
612 3742 764 3814 33331111,
783 3739 854 3800 sive
870 3736 1004 3799 libellos
1020 3754 1102 3798 3333
1124 3735 1273 3799 defendit
1287 3742 1346 3802 aut
1362 3741 1582 3803 criminantes

360 3838 545 3918 impugnat,
576 3837 726 3918 proprios
740 3835 881 3900 31133133
902 3834 1052 3898 Phaeder
1082 3836 1253 3898 transtulit
1283 3855 1290 3897 :
1322 3835 1446 3900 librum
1475 3842 1582 3902 totum

361 3935 541 4017 praecipue
556 3937 665 3998 voluit
682 3952 758 3997 3333
779 3934 967 3995 3131133313
989 3952 1005 3994 s
1026 3949 1086 4013 pro
1107 3931 1313 3996 13133333)
1332 3933 1428 3997 docte
1445 3952 1582 4017 compo-

361 4036 459 4098 sitam
479 4033 519 4095 ad
540 4033 683 4114 Eutychi
703 4031 904 4113 captandam
920 4029 1191 4092 benevolentiam
1212 4035 1245 4094 et
1262 4033 1437 4108 auxilium,
1455 4035 1581 4114 passim

360 4132 567 4212 interpositis
588 4132 718 4212 aliquot
736 4130 870 4194 labellis
889 4146 976 4210 quae
997 4126 1038 4188 ad
1058 4129 1210 4190 inimicos
1225 4146 1344 4193 omnes
1359 4133 1579 4211 pertinerent.

361 4230 429 4292 Etsi
453 4230 589 4308 saepius
615 4246 732 4292 333333
755 4229 791 4290 13
816 4229 965 4290 carmine
994 4225 1188 4288 reconditus
1217 4228 1342 4305 legenti
1370 4247 1438 4291 non
1467 4231 1581 4292 statim

360 4330 462 4408 patet,
488 4325 578 4390 haud
602 4325 785 4389 difficulter
810 4330 922 4388 tamen
947 4341 1044 4385 mens
1069 4325 1101 4383 et
1125 4326 1304 4388 consilium
1334 4331 1453 4407 poetae
1480 4329 1581 4390 etiam

361 4425 457 4487 nobis
473 4426 650 4501 diligenter
665 4423 748 4485 illud
763 4421 974 4486 intuentibus
986 4421 1141 4482 occurrii.
1155 4421 1277 4484 Eadem
1290 4425 1464 4505 Eutychus
1475 4426 1581 4488 multo

359 4520 491 4584 l'acilius
505 4523 701 4599 intellegere
717 4519 844 4594 debuit,
862 4536 963 4599 quem
975 4516 1045 4596 jam
1059 4520 1158 4578 33133
1179 4519 1336 4592 Phaeder,
1361 4540 1395 4582 re
1416 4526 1533 4602 aperte
1548 4527 1581 4584 31

358 4636 471 4682 331313
488 4620 653 4698 exposita,
676 4621 723 4680 ita
742 4619 926 4693 benignum
944 4613 1009 4676 sibi
1028 4610 1153 4675 lecerat
1179 4619 1216 4675 ut
1240 4617 1272 4678 ei
1297 4617 1353 4678 ille
1375 4616 1581 4682 beneficium

359 4718 580 4797 polliceretur.
608 4715 775 4778 Libellum
801 4714 936 4793 scripsit
961 4715 1060 4792 poeta
1084 4715 1186 4790 atque
1217 4714 1369 4793 Eutycho
1397 4716 1578 4795 dedicavit,

358 4818 505 4896 primum,
517 4833 584 4898 quo
603 4839 614 4872 ι
633 4815 777 4878 33131133
794 4837 810 4870 u
827 4826 1012 4873 «munus»
1030 4809 1233 4888 promissum
1254 4813 1435 4894 acciperet,
1458 4813 1580 4878 deinde
